4916 7110
865 677 869 689 .
914 625 1188 703 nunninus.
1238 641 1242 657 ·
1753 611 1783 700 5

285 827 410 902 Scau.
432 821 626 901 filameuta
645 819 719 896 duo
739 826 917 910 arcuata,
937 817 1175 896 transversim
1197 813 1383 918 pedicello
1402 811 1511 893 brevi
1533 815 1662 892 affixa:
1686 815 1818 892 anthe·

337 953 388 1002 rae
418 927 491 1001 sub
514 923 616 998 labio
647 919 829 1021 superiori
859 919 1009 995 corollae
1040 921 1210 994 reclusae.
1233 915 1388 992 *Praeter
1416 917 1498 991 baec
1525 917 1601 993 duo
1624 917 1818 993 filameuta

339 1035 428 1102 sunt
458 1034 499 1100 et
518 1023 591 1098 alia
623 1021 701 1096 duo
732 1021 909 1114 minima,
940 1018 1234 1120 simplicissima,
1265 1028 1417 1114 erecta,
1450 1017 1615 1112 sterilia,
1645 1018 1684 1092 in
1704 1019 1818 1094 fauce

337 1125 488 1200 curollae
507 1121 590 1198 sita.
1129 1137 1132 1144 ⁴

290 1325 396 1406 Prsr.
418 1348 574 1426 germen
596 1319 867 1422 quadrifidum.
888 1319 1016 1418 Stylus
1038 1317 1239 1412 fililormis,
1260 1316 1430 1412 albidus,
1451 1343 1516 1393 seu
1539 1292 1723 1392 exalbirlo
1745 1341 1819 1392 cae·

338 1427 488 1516 ruleus,
510 1435 706 1510 arcuatus,
733 1420 835 1498 labin
854 1418 1038 1534 superiori
1059 1417 1220 1494 Corollae
1242 1418 1487 1511 incumbens,
1519 1417 1661 1531 illoque
1683 1429 1724 1492 et
1744 1431 1819 1531 sta-

338 1525 625 1702 ppiipilbrppvsiplepe
637 1546 770 1621 parum
788 1521 943 1619 longior.
964 1519 1153 1619 Stigmata
1174 1521 1249 1594 duo
1270 1530 1436 1613 setacea,
1458 1527 1693 1611 acutissima,
1715 1518 1819 1594 aliud

288 1825 448 1902 Slnssnu
477 1823 581 1900 nuda
601 1821 767 1898 infundo
787 1821 925 1916 calycis
945 1819 1040 1914 sita,
1061 1819 1283 1918 plerumque
1304 1821 1382 1896 duo
1404 1817 1656 1911 abortientis,
1678 1829 1719 1898 et
1742 1818 1820 1893 duo

337 1923 498 2100 {epitillilm
515 1925 794 2098 lsiiwmnda'
827 1946 874 1996 ex
895 1922 999 1996 sulvo
1029 1922 1160 2014 fusca,
1190 1920 1277 1996 hinc
1299 1945 1495 2015 convexa,
1523 1919 1614 1994 iude
1646 1919 1820 1995 obsolete

461 2048 551 2124 gua
592 2079 600 2097 .

294 2223 394 2300 Han.
421 2223 470 2298 ad
491 2223 589 2314 vias,
611 2242 790 2322 aggereS,
812 2231 853 2297 et
872 2221 951 2296 solo
973 2243 1056 2296 raro
1077 2219 1179 2296 circa
1192 2220 1499 2314 conimbricam,
1519 2220 1756 2318 Olisiponem
1777 2229 1819 2294 et

341 2323 433 2398 alibi
452 2321 490 2397 in
513 2322 630 2398 Beira
661 2333 702 2396 et
722 2321 1011 2399 Extremudnrn.
1043 2320 1170 2396 Floret
1202 2347 1250 2398 ex
1271 2319 1482 2398 Novembri
1504 2343 1623 2421 usque
1645 2323 1693 2396 ad
1713 2319 1820 2394 Mer-

339 2421 456 2517 tium,
477 2447 561 2499 raro
587 2420 716 2522 Aprili.
743 2421 929 2498 Perennis.
1651 2433 1653 2440 ⁴

293 2623 400 2699 Usus
426 2620 591 2724 ignotus.
616 2621 752 2699 Planta
771 2620 952 2718 inodora,
972 2645 1106 2720 sapore
1127 2620 1327 2700 herbaceo.

294 2821 386 2898 Ons.
420 2823 466 2897 1.ο
495 2821 617 2898 Nimis
641 2821 758 2898 affinis
777 2821 813 2896 S.
836 2821 1072 2900 alunantiae
1092 2822 1201 2915 Lim,
1223 2823 1291 2898 sed
1313 2821 1438 2898 differt
1462 2820 1591 2896 radice
1612 2839 1822 2920 perennan-

343 2934 407 3014 te,
437 2947 509 2996 uec
529 2921 684 3014 bienni,
712 2921 810 2998 foliis
831 2921 991 2998 caulinis
1008 2923 1226 3015 latioribus,
1259 2922 1504 3012 radicalibus,
1530 2947 1606 2996 nou
1628 2920 1823 3020 rugosissi-

342 3022 434 3112 mis,
454 3046 526 3095 nec
549 3033 591 3096 ut
612 3022 675 3096 illa
695 3022 830 3096 Salviae
852 3023 1120 3125 cerutoplrylloe.
1154 3021 1302 3097 Phrasis
1332 3031 1372 3096 et
1397 3019 1578 3096 lconaao
1601 3019 1822 3112 Barrelieri,

343 3147 431 3221 quae
453 3121 662 3196 exClariss.
684 3121 806 3197 Smitb
826 3122 903 3197 lide
925 3123 970 3198 ad
995 3124 1105 3198 aliam
1126 3122 1291 3218 speciem
1314 3146 1336 3198 a
1359 3120 1395 3194 S.
1414 3118 1639 3196 clandestina
1660 3119 1746 3195 Lin.
1767 3118 1825 3193 di·

343 3242 489 3296 versam
512 3221 783 3316 amandandos,
803 3232 939 3296 nostrae
960 3221 996 3296 S.
1018 3221 1174 3298 hiemali*
1188 3221 1358 3320 apprime
1378 3218 1579 3319 quadrant.

299 3417 388 3497 Oris
416 3422 466 3497 2?
492 3419 580 3495 Etsi
597 3419 727 3495 noetrt
758 3418 795 3492 iu
823 3419 944 3496 Flora·
964 3420 1190 3498 Lusitaniae
1221 3418 1440 3498 istam'cum
1473 3419 1547 3496 alia
1575 3419 1721 3512 Salvia,
1751 3424 1824 3498 sub

346 3521 500 3598 nomine
521 3520 558 3594 S.
585 3517 877 3610 verbcnncor'dea,
912 3531 1098 3620 tanquam
1130 3520 1226 3597 duas
1255 3519 1423 3618 ejusdem
1454 3519 1598 3616 speciei
1621 3521 1827 3596 varietates

347 3618 551 3722 conjunxi,
571 3618 787 3711 nuncillas,
809 3617 866 3692 uti
888 3617 983 3692 duas
1001 3619 1166 3694 diversas
1186 3619 1332 3717 species
1344 3677 1354 3713 ,
1376 3619 1627 3716 se'uugendas
1648 3643 1727 3694 esse
1747 3619 1827 3718 opi-

345 3748 427 3800 nor.
450 3721 553 3795 Vera
574 3717 772 3794 SALVIA
795 3715 1089 3812 valencenias,
1150 3741 1208 3792 uae
1223 3731 1261 3800 ¹a·
1282 3716 1381 3796 Glar.
1404 3643 1506 3795 iim
1526 3717 1563 3792 S.
1577 3718 1827 3832 polymorpho

347 3837 494 3898 acutam
526 3816 787 3933 etpurvrfluru
808 3827 1073 3914 nuncupatur,
1104 3743 1188 3916 pilis
1217 3818 1265 3893 ad
1286 3817 1322 3891 S.
1346 3815 1584 3894 verbenacam
1606 3815 1690 3892 Lrn.
1715 3819 1828 3894 etad

347 3923 388 3998 S:
408 3921 664 3998 Luritunwum
695 3915 782 4016 (La
803 3915 918 3992 Mark
939 3915 1043 3994 Dict.
1063 3917 1149 3994 Bot.
1174 3915 1351 4021 Encycl.)
1373 3917 1544 4008 accedit,
1577 3919 1688 4016 quim
1721 3920 1770 3996 ad
1790 3919 1826 3994 S.

347 4021 612 4097 clandestinum
633 4017 742 4108 Lim,
765 4026 806 4092 et
828 4015 876 4091 ad
896 4027 1061 4091 nostram
1084 4017 1121 4091 S.
1133 4017 1353 4110 hiemalem
1374 4041 1540 4114 namque
1562 4017 1686 4093 altiori
1706 4043 1828 4092 ramo-

347 4121 514 4219 siorique
545 4119 653 4194 caule
684 4117 850 4218 gaudet,
883 4115 981 4191 loliis
1009 4117 1287 4230 rugosioribus,
1323 4141 1407 4192 raro
1439 4116 1692 4214 pinnatifidis,
1724 4118 1829 4216 spica

349 4221 530 4310 scutati,
552 4243 623 4292 nec
645 4217 723 4291 late
745 4227 923 4291 truncata
935 4275 945 4311 ,
968 4216 1161 4291 verticillis
1182 4215 1457 4314 proprioribus,
1478 4241 1579 4315 saepe
1602 4231 1621 4289 5
1644 4217 1694 4291 ad
1716 4233 1750 4310 8,
1771 4241 1830 4292 se-

348 4320 506 4418 riusque
527 4317 771 4404 florentibus,
803 4317 944 4400 corolla
965 4316 1135 4408 minore,
1151 4315 1358 4392 'interdum
1381 4318 1549 4413 calycem
1581 4317 1697 4414 paulo
1719 4341 1829 4417 supe-

349 4431 482 4510 rante,
513 4428 679 4516 utroque
709 4415 812 4491 labio
836 4415 987 4513 penitus
1016 4417 1203 4509 caeruleo,
1236 4426 1355 4514 atque
1387 4416 1658 4514 approximate.
1692 4417 1831 4514 ltaque

350 4519 436 4592 clim
469 4516 518 4590 sit
539 4516 574 4591 S.
594 4516 804 4591 verbenncoe
824 4515 910 4591 Liu.
943 4527 984 4590 ct
1006 4517 1231 4591 Lusitanicoe
1252 4515 1311 4589 La
1330 4515 1448 4590 Mark
1478 4515 1588 4590 nimis
1615 4515 1754 4610 affinis,
1789 4527 1831 4592 et

350 4618 450 4693 sorte
471 4639 601 4689 earum
622 4617 806 4707 varietas,
837 4639 956 4713 usque
977 4615 1065 4692 dum
1090 4615 1331 4690 ulterioribus
1353 4615 1681 4692 observationibus
1700 4617 1831 4692 decer·

350 4725 487 4808 natur,
506 4715 604 4790 sitne
626 4715 773 4788 diversa
792 4718 961 4811 species,
994 4741 1042 4790 au
1063 4715 1210 4790 illarum
1232 4716 1380 4791 tantum
1403 4715 1587 4810 varietas,
1620 4717 1691 4791 sub
1712 4715 1831 4790 nomi·

351 4839 401 4891 ne
422 4816 458 4890 S.
480 4813 751 4890 verbenacontes
763 4869 773 4907 ,
796 4825 840 4888 ut
860 4817 1013 4913 opinor,
1031 4813 1292 4912 relinquenda.

302 5013 396 5090 Ons.
423 5014 473 5090 3.·
500 5013 643 5114 Neque
663 5012 934 5089 confundenda
955 5038 1042 5088 cum
1065 5021 1195 5088 nostra
1215 5011 1341 5088 Salvia
1359 5014 1577 5104 sclnreuidc,
1609 5039 1697 5114 quae
1720 5015 1768 5090 ab
1790 5013 1832 5089 il-

351 5115 389 5189 la
408 5115 522 5211 longe
544 5116 711 5205 diversa,
733 5139 809 5188 non
829 5113 946 5188 solum
971 5113 1062 5211 quia
1082 5114 1128 5188 ei
1147 5126 1432 5211 perseveranter
1452 5115 1587 5188 elatior
1607 5129 1647 5192 et
1667 5139 1715 5189 ex
1731 5116 1835 5190 umni

351 5224 462 5312 parte
484 5214 624 5306 maior,
644 5213 712 5288 sed
727 5215 850 5289 etiam·
866 5218 956 5312 quia
976 5213 1173 5306 viscosior,
1194 5225 1316 5312 atque
1335 5215 1431 5290 foliis
1452 5214 1680 5290 radicalibus
1700 5216 1834 5290 corda-

353 5313 425 5406 tis,
455 5338 524 5387 seu
550 5313 808 5404 subcordatis,
842 5313 1020 5414 integris,
1052 5325 1121 5388 aut
1154 5313 1406 5408 subsinuatis‚
1438 5339 1511 5390 nec
1542 5339 1711 5416 unquam
1746 5319 1835 5390 vero

351 5413 607 5510 pinnatilidis,
630 5413 876 5512 rugosissimis
896 5424 936 5488 et
958 5411 1203 5487 minutissime
1226 5414 1441 5506 bullulatis‚
1477 5413 1653 5514 utrinque
1674 5413 1832 5506 villosis,

352 5513 513 5588 florendi
531 5521 703 5611 tempore
723 5525 870 5610 semper
889 5537 1027 5610 verno,
1057 5525 1097 5590 et
1119 5511 1201 5590 aliis
1231 5514 1341 5590 notis.
1367 5512 1455 5590 Vid.
1487 5516 1535 5593 de
1556 5515 1628 5590 bac
1656 5513 1834 5616 Phytogr.
1880 5599 1883 5606 ¹

280 5665 288 5668 -
354 5613 464 5718 Tum.
489 5611 517 5687 1.
539 5636 624 5714 pag.
647 5628 667 5688 ³
691 5625 732 5690 et
755 5628 836 5688 203.

359 5812 460 5890 Tum.
485 5774 538 5890 lI.
870 5779 874 5787 .
1270 5839 1291 5889 n
