4916 7110
874 583 941 673 50
1419 587 1794 663 rnlroonnrlnn

888 798 965 864 tem
978 785 1131 860 Clarias.
1144 768 1530 856 JuasiaeiNeotarium
1554 789 1611 854 est
1632 773 1759 854 anitius
1777 769 2014 890 marginales
2035 775 2072 851 in
2095 769 2228 852 narina
2253 776 2381 854 uuius-

751 973 753 980 y
887 888 1081 986 cujusquo
1100 881 1310 980 stigmatis,
1342 880 1410 979 qui
1430 880 1468 954 in
1488 879 1576 977 styli
1596 877 1740 952 vertice
1763 887 2000 952 ternrnatua
2032 876 2236 977 Quidquid
2256 878 2309 954 sit
2329 881 2377 954 de

889 988 947 1062 bis
968 984 1137 1084 partibus
1158 979 1470 1070 denominandis3
1491 977 1621 1069 succi,
1643 976 1709 1077 qni
1730 977 1769 1053 in
1791 980 1846 1052 eis
1866 971 2135 1068 secernuntur,
2157 979 2222 1052 alii
2243 977 2293 1052 ad
2311 1005 2377 1052 eo-

890 1083 995 1162 rollae
1017 1086 1149 1160 tubum
1171 1081 1270 1178 stylo
1291 1089 1519 1170 connatum,
1544 1075 1607 1152 alil
1629 1077 1801 1176 adipum
1823 1077 1963 1174 stylum
1986 1068 2134 1152 alanne
2155 1078 2376 1155 humectan-

893 1188 1006 1278 duln,
1041 1199 1089 1257 ne
1109 1181 1208 1256 illius
1226 1190 1429 1278 properata
1457 1177 1611 1252 sieoitaa
1639 1179 1752 1251 ovula
1783 1179 1820 1252 in
1842 1169 1977 1251 orariis
1999 1175 2280 1252 inenodalione
2300 1180 2376 1278 pri-

892 1299 979 1377 vet,
1013 1280 1236 1356 naturaliter
1265 1278 1447 1353 destinati
1478 1303 1558 1352 esse
1586 1278 1775 1353 videntur.
1807 1279 1904 1352 Tres
1934 1289 2061 1374 partes
2091 1279 2374 1376 petaliiormes,

891 1411 976 1483 quse
997 1382 1179 1479 stigmata
1200 1379 1453 1452 communiter
1474 1378 1679 1470 dicuntur,
1712 1375 1954 1452 antherarum
1990 1377 2099 1477 dorso
2120 1376 2295 1476 inaperta
2316 1385 2374 1455 in-

886 1484 1101 1570 cumbunt,
1132 1488 1289 1552 arcuate
1310 1477 1620 1576 supereminent,
1649 1487 1690 1552 at
1712 1477 1760 1550 srl
1780 1477 1861 1551 illas
1882 1485 2015 1551 eontra
2034 1476 2181 1574 plurius
2200 1476 2375 1578 aliasque

892 1583 1053 1682 injurias
1071 1590 1247 1654 externas
1271 1579 1480 1677 tegendas,
1509 1578 1572 1650 vix
1602 1599 1648 1650 ao
1669 1601 1718 1652 ne
1739 1576 1801 1650 vix
1833 1571 1960 1650 autent
1992 1577 2039 1650 ati
2062 1571 2211 1674 pollinis
2241 1603 2375 1656 earum

884 1679 1140 1758 substantiam
1161 1677 1425 1776 spermaticam
1449 1671 1749 1770 absorbendam,
1772 1676 1951 1750 inservire
1970 1701 1993 1750 a
2014 1677 2203 1752 nonnullis
2223 1677 2377 1756 Bolani-

860 1801 863 1809 *
894 1783 949 1857 eis
973 1780 1257 1872 existimantur,
1283 1778 1352 1876 qui
1371 1776 1499 1853 adhue
1516 1776 1669 1875 insuper
1691 1775 1840 1874 pollinis
1859 1793 1976 1880 grane
2008 1787 2215 1853 tam‘srete
2246 1779 2377 1855 cohae-

890 1905 975 1958 rere
995 1882 1150 1972 dieunt,
1170 1890 1215 1952 ut
1236 1875 1272 1955 vi
1293 1875 1531 1953 solummodo
1549 1873 1710 1975 quadam
1735 1885 1893 1978 externa
1915 1878 1963 1962 ab
1986 1876 2265 1953 illis‘rentoveri
2289 1903 2379 1978 pos-

888 1983 987 2066 sint,
1020 1991 1061 2054 et
1082 1979 1169 2052 ideo
1188 1977 1373 2052 seminum
1396 1973 1716 2052 laeoundationem
1749 1976 1873 2050 locum
1906 1979 2145 2051 nonhabeie
2169 1979 2382 2076 opinantur

890 2081 962 2156 nisi
987 2081 1221 2156 insectorum
1255 2101 1328 2174 ope
1359 2077 1602 2176 perficiatur3
1634 2076 1703 2150 sed
1729 2069 1916 2175 capsulae,
1951 2087 2028 2151 tarn
2063 2077 2100 2151 io
2121 2076 2192 2151 bac
2220 2083 2382 2178 specie,

891 2183 1008 2280 quim
1041 2181 1079 2252 in
1102 2179 1185 2252 aliis
1207 2177 1375 2276 ejusdem
1407 2176 1557 2276 generis
1586 2175 1710 2250 bieme
1741 2177 1779 2250 in
1801 2177 1999 2252 Lusitania
2028 2177 2276 2272 florentibus,
2312 2186 2383 2260 ubi

889 2281 1000 2354 nulla
1023 2280 1175 2354 insecta
1204 2281 1243 2351 in
1264 2301 1393 2351 earum
1424 2273 1579 2356 flormuu
1606 2287 1698 2350 tuno
1721 2275 1993 2362 observantur.
2023 2269 2169 2376 semina
2200 2281 2382 2376 perfecte

895 2380 1114 2455 iaeeundata
1135 2381 1281 2452 serunt:
1309 2378 1440 2474 itaque
1466 2399 1594 2452 eorum
1616 2373 1850 2456 iaeoundatio
1871 2377 2022 2451 aliunde
2043 2378 2210 2475 pendet,
2246 2391 2290 2455 et
2314 2386 2385 2461 ali-

893 2490 956 2554 ter
977 2478 1222 2574 explicanda,
1243 2474 1315 2550 etsi
1336 2477 1515 2574 stigmata
1538 2501 1626 2552 vera
1647 2487 1856 2575 negentur3
1879 2475 1951 2551 hoe
1974 2476 2151 2574 sequenti
2173 2481 2296 2556 modo
2319 2509 2386 2561 ex·

792 2667 793 2672 ¹
896 2578 1028 2678 plicari
1052 2601 1159 2674 posse
1178 2577 1339 2651 videtur.
1371 2575 1625 2650 Antberarum
1648 2587 1805 2664 venter,
1838 2576 1905 2674 qui
1926 2577 2070 2650 laciniis
2089 2578 2243 2652 corollae
2271 2587 2387 2660 refle.

895 2677 953 2752 xis
973 2677 1187 2776 oppositus,
1218 2679 1302 2750 clim
1326 2675 1654 2774 longitudinallter
1685 2675 1876 2774 aperitur,
1909 2695 2026 2775 grana
2058 2672 2205 2774 pollinis
2238 2687 2385 2778 partim

896 2775 1052 2851 istarum
1084 2776 1193 2849 lineae
1226 2777 1394 2849 barbatae
1426 2787 1493 2850 aut
1523 2774 1687 2850 imberbi
1718 2800 1851 2849 crassae
1883 2789 1925 2851 et
1949 2799 2089 2874 asperae
2120 2777 2387 2882 incumbunt,

895 2879 1031 2974 partim
1055 2875 1192 2950 attritu
1215 2875 1379 2972 quodam
1403 2877 1669 2950 convelluntur
1690 2885 1731 2950 et
1752 2875 1791 2949 in
1812 2875 1950 2975 stylum
1972 2877 2206 2976 lancemque
2229 2889 2388 2964 eorollae

896 2976 1099 3064 desiliunt3
1130 2987 1392 3074 spermatum:
1423 2975 1445 3050 ό
1494 2976 1593 3050 ranis
1614 2977 1836 3050 exsudatum
1869 2977 1928 3049 vel
1950 2974 2174 3051 immediate
2210 2984 2267 3058 ab
2292 2991 2387 3086 stylo

896 3075 1142 3166 absorbetur,
1170 3077 1230 3148 vel
1251 3075 1439 3168 mediate,
1467 3001 1544 3149 boc
1567 3085 1624 3150 est
1637 3133 1647 3169 ,
1681 3075 1822 3148 alinea
1844 3074 2062 3149 laciniarum
2086 3078 2329 3161 reflexarum
2351 3100 2388 3164 et

892 3173 989 3247 tubo
1009 3175 1159 3248 corollae
1189 3197 1274 3248 cum
1297 3171 1395 3272 stylo
1417 3173 1583 3274 coalito,
1612 3173 1752 3252 exinde
1773 3175 2133 3275 possusumus,
2169 3193 2221 3258 ut
2245 3185 2389 3265 saecun·

892 3273 1057 3372 dentur,
1080 3273 1365 3378 transmittitur.
