6040 7190
1158 599 1437 668 cucumin„
1778 674 1784 694 ,
1930 579 2030 675 215

522 774 721 870 Conocnr
749 787 903 862 omnino
923 785 1109 878 caerulea,
1130 779 1369 886 irregularia,
1401 783 1766 885 subpapilionacea,
1790 787 1912 888 figura
1933 799 2063 870 tamen

575 888 749 992 propria,
773 885 1034 985 monopetala,
1056 887 1258 979 tubulata,
1289 887 1408 964 limbo
1428 885 1569 978 diviso,
1603 897 1644 964 et
1663 887 1982 992 vexillumatque
2004 919 2066 968 ca-

576 993 694 1068 rinam
718 986 997 1064 constituente:
1022 984 1201 1061 vexillum
1225 986 1470 1085 bipartitum,
1494 988 1704 1088 segmentis
1727 987 1894 1083 obtusis,
1925 991 2067 1066 obora·

577 1093 647 1181 tis,
669 1087 866 1176 concavis,
888 1087 1010 1162 altero
1032 1086 1194 1161 alterum
1218 1089 1482 1186 amplexante:
1516 1088 1644 1166 carina
1667 1087 1843 1186 minima,
1872 1114 2067 1185 concava,

577 1190 714 1266 vexillo
736 1199 866 1280 tecta,
887 1186 1070 1264 imberbis
1089 1184 1267 1264 antheras
1287 1187 1496 1266 includens

526 1393 753 1468 Srsm'mnu
780 1387 977 1464 filamenta
998 1385 1201 1486 diadelpha
1220 1398 1332 1483 octo,
1355 1387 1393 1465 in
1410 1389 1506 1466 duos
1524 1388 1725 1466 fasciculos
1747 1389 1933 1483 collecta,
1954 1389 2065 1468 simul

577 1517 664 1566 cum
687 1489 856 1564 antheris
877 1487 1015 1564 carinae
1037 1489 1198 1582 inserta,
1228 1500 1270 1564 et
1290 1491 1337 1564 aa
1356 1488 1516 1567 inclusa.
1539 1490 1721 1566 Antberae
1744 1500 1833 1564 octo
1855 1491 2066 1592 oblongius

579 1593 700 1684 culae,
721 1592 978 1684 lucescentes,
998 1587 1262 1666 uuiloculsres.

525 1789 712 1869 Prsrrccr
740 1814 896 1890 germen
915 1787 1117 1878 subovale,
1139 1789 1493 1889 subpedicellatum.
1515 1789 1644 1888 Stylus
1662 1789 1823 1890 germini
1845 1790 2043 1891 impositus
2057 1839 2071 1885 ,v

579 1889 786 1984 filisormis,
825 1901 999 1974 erectus,
1029 1887 1148 1990 ligula
1182 1904 1297 1968 acuta
1327 1898 1495 1966 con'cava
1525 1891 1690 1966 caerulea
1722 1890 1954 1968 terminatus.
1992 1891 2068 1969 Sti-

579 2018 668 2092 gma
688 1989 1101 2086 deflexo-uncinatum,
1123 1990 1308 2087 liberum,
1332 1992 1479 2068 inferne
1499 1991 1618 2092 ligula
1637 1991 1726 2090 styli
1746 1993 1980 2093 vaginatum.

526 2193 721 2270 Caesoni
750 2192 943 2290 pendens,
976 2189 1210 2284 obcordata,
1234 2209 1471 2292 compressa,
1497 2192 1651 2294 glabra,
1683 2189 1918 2287 biloeularis,
1951 2191 2070 2269 bival-
2191 2233 2195 2250 =

582 2291 660 2386 vis,
687 2291 957 2390 dissepimento
979 2290 1096 2366 vatris
1115 2293 1331 2386 contrario,
1351 2293 1491 2369 suturis
1512 2289 1723 2390 marginum
1747 2291 1926 2391 utrinque
1949 2291 2072 2368 dehis-

582 2417 682 2468 cens.
715 2392 869 2468 Semina
891 2391 928 2465 in
951 2403 1116 2490 utroque
1137 2393 1262 2468 loculo
1286 2393 1464 2469 solitaria.
1486 2403 1557 2482 ,aut
1577 2395 1677 2485 duo,
1710 2391 1855 2485 oralia,
1889 2391 2073 2467 umbilico

584 2493 830 2595 glandulosa,
854 2490 1116 2587 albumiuosa,
1140 2495 1348 2592 embryone
1370 2494 1529 2570 inverso.

533 2693 724 2770 Hrnrrar
749 2691 788 2768 in
810 2691 977 2768 dumetis
996 2691 1181 2768 montium
1204 2691 1307 2768 circa
1327 2691 1636 2786 conimbricam,
1669 2691 1707 2766 in
1734 2687 1846 2766 Beira
1866 2690 2010 2766 boreali
2035 2700 2075 2767 et

481 2873 489 2884 ,
587 2792 842 2968 ἑῐίἱθῒτΐῖῐέηἱα,
875 2790 914 2869 in
943 2793 1206 2870 Monte-lunio
1235 2803 1276 2869 et
1305 2795 1408 2871 alibi.
1441 2795 1572 2871 Floret
1602 2791 1749 2892 Aprili,
1779 2790 1911 2888 Maio,
1943 2791 2073 2869 lunio.

531 3092 704 3170 Pnsnrs
734 3092 914 3200 inodora,
938 3116 1075 3170 amara.
1100 3078 1206 3170 Usus
1221 3093 1387 3196 ignotus.
