5860 7198
932 548 1210 619 LUSITANIAE·

834 1049 868 1123 U
881 1048 918 1124 R
932 1049 967 1123 T
981 1049 999 1124 Ι
1011 1049 1044 1122 C
1058 1049 1093 1122 Λ
1132 1049 1301 1126 caudata.

289 1355 394 1430 Unr.
424 1349 525 1426 loliis
547 1345 724 1449 opositiS,
746 1349 888 1441 ovatis,
921 1371 1049 1464 grosse
1070 1347 1243 1442 serratis,
1272 1347 1512 1424 inferioribus
1534 1349 1830 1423 ovato-subcor-

339 1451 460 1540 datls;
480 1452 595 1551 spicis
617 1449 799 1526 monoicis
821 1449 1015 1541 diolcisve,
1039 1447 1220 1549 utrinque
1241 1449 1425 1549 geminis,
1447 1449 1701 1546 simplicibus3
1730 1475 1826 1522 mas·

340 1552 438 1627 culis
457 1551 685 1643 linearibus,
717 1547 820 1624 rachi
843 1549 1006 1625 filitormi
1030 1547 1161 1642 alatis,
1193 1551 1327 1624 subtus
1358 1549 1572 1642 nudillo'ris,
1605 1548 1828 1647 praelongiS,

339 1652 586 1750 patentibus;
609 1650 794 1725 foemineis
816 1640 1086 1750 cylindraceis,
1108 1649 1400 1746 pedunculatiS,
1424 1649 1733 1747 erecto-patulis;
1762 1645 1829 1721 'sti-

340 1752 431 1850 pula
451 1751 633 1851 utrinque
656 1750 788 1844 unica,
810 1757 948 1843 ovata,
970 1748 1140 1842 blnervi,
1164 1749 1275 1848 apice
1299 1751 1510 1832 bidentata.

960 1939 1084 2024 Lusit.
1119 1945 1250 2052 Urtipu
1271 1949 1315 2024 de
1334 1949 1482 2026 caudas.

292 2148 455 2227 Unrrcu
483 2149 679 2227 Lusitana.
706 2149 807 2226 Brot.
831 2148 928 2224 Flor.
951 2147 1073 2224 Lusit.
1106 2163 1135 2226 1.
1156 2175 1191 2250 p.
1218 2163 1299 2224 205.

290 2349 454 2426 Unricn
484 2325 631 2440 annua,
653 2348 802 2448 longius
827 2348 1013 2440 caudata,
1044 2348 1327 2448 vulgatissima,
1359 2347 1545 2426 Lusitana
1567 2359 1607 2423 et
1633 2347 1825 2424 Africana.

342 2448 489 2549 Grisley
514 2449 633 2529 Virid.
655 2449 778 2524 Lusit.
804 2475 839 2524 n.
865 2463 969 2523 1492.

291 2647 450 2724 Uurreu
481 2648 661 2740 caudata,
681 2647 778 2724 loliis
799 2645 1002 2748 oppositis,
1031 2647 1217 2740 cordatis,
1238 2647 1399 2724 racemis
1419 2647 1601 2749 geminis,
1632 2643 1828 2744 simplicis-

343 2749 468 2843 simis,
492 2747 723 2848 longissimis.
748 2749 859 2824 Vahl.
881 2748 1012 2847 Symb.
1032 2749 1120 2822 fasc.
1145 2763 1176 2821 2.
1198 2771 1235 2844 p.
1264 2764 1320 2822 96.

291 3151 434 3228 Rnurx
458 3150 699 3241 subramosa,
727 3145 885 3240 fibrosa,
908 3145 1025 3242 dura,
1053 3129 1202 3242 albida,
1228 3168 1363 3221 annua.

292 3351 458 3426 Crunos
484 3347 664 3442 solitarii,
690 3347 750 3422 vel
772 3345 895 3444 plures
915 3369 964 3420 ex
985 3344 1119 3420 eadem
1141 3345 1294 3439 radice,
1325 3343 1466 3440 erecti,
1484 3345 1696 3426 ,altitudine
1718 3345 1829 3422 nimis

343 3451 557 3542 variantes,
591 3471 639 3522 ex
660 3445 857 3545 semipede
888 3445 1081 3544 adusque
1109 3454 1185 3520 tres
1206 3447 1285 3520 sere
1307 3447 1447 3544 pedes,
1480 3449 1617 3522 obtuse
1640 3440 1828 3546 quadrari-

345 3551 445 3651 guli,
465 3545 761 3650 quadrisoleati,
793 3545 962 3646 undique
984 3546 1163 3621 aculeolis
1187 3545 1459 3637 adurentibus,
1482 3543 1548 3624 'uti
1571 3555 1652 3622 tota
1673 3548 1825 3646 planta,
1849 3634 1850 3638 Ἰ

348 3649 559 3748 conspersi,
581 3645 740 3736 ramosl;
767 3644 880 3721 ramis
901 3642 1142 3740 axillaribus,
1162 3646 1363 3748 oppositis,
1389 3645 1687 3746 erecto-patulis.
1738 3697 1763 3760 χ

294 3848 423 3924 Fomu
452 3846 648 3948 opposita,
679 3845 892 3943 petiolata,
925 3845 1124 3944 patentia,
1158 3855 1302 3937 ovata,
1334 3853 1480 3937 acuta,
1508 3865 1632 3947 grosse
1662 3854 1828 3938 serrata,

350 3973 462 4024 unam
496 3949 544 4024 ad
567 3958 644 4022 tres
665 3945 796 4020 uncias
816 3944 953 4044 longa,
984 3946 1160 4020 inferiora
1183 3945 1302 4020 caulis
1325 3945 1511 4020 interdum
1537 3951 1829 4021 ovatosubeor·

348 4048 461 4140 data,
493 4055 693 4122 autovato
711 4045 969 4132 subrutunda,
1001 4045 1193 4140 superiora
1226 4046 1336 4142 paulo
1367 4044 1534 4133 minora,
1565 4068 1667 4146 saepe
1697 4054 1829 4119 ovato-

348 4147 584 4239 laneeolata,
605 4145 731 4219 omnia
753 4143 1212 4242 quinquenerri-venosa,
1238 4144 1415 4242 utrinque
1439 4143 1571 4219 viridia
1593 4157 1633 4220 et
1658 4141 1829 4234 urentia,

348 4246 489 4322 stimuli
520 4243 761 4342 insuperiori
784 4243 920 4342 pagind
942 4243 1092 4342 punctis
1113 4245 1291 4318 convexis
1322 4243 1644 4342 parenchymat'rs,
1676 4245 1716 4318 iu
1735 4245 1795 4318 ius
1816 4287 1829 4300 ·

348 4345 437 4421 riori
459 4359 587 4420 autern
609 4343 833 4441 simpliciter
853 4345 977 4418 nervis
1008 4356 1077 4418 aut
1098 4346 1201 4418 venis
1223 4344 1397 4420 insident.
1433 4344 1603 4420 Petiolus
1623 4342 1735 4441 supra
1766 4367 1830 4418 ca·

350 4445 604 4536 naliculatus,
630 4447 764 4520 subtus
786 4445 999 4534 carinatus,
1026 4443 1163 4518 lamind
1184 4443 1263 4518 solii
1285 4445 1505 4544 plerumque
1525 4446 1634 4544 patulo
1649 4440 1827 4540 brevior,

349 4546 388 4621 in
410 4545 581 4621 caulibus
604 4569 694 4618 vero
717 4543 978 4644 vegetioribus
1000 4543 1187 4618 interdum
1208 4543 1271 4616 itit
1292 4543 1449 4643 longior.

300 4745 484 4822 Srirunm
511 4741 717 4843 oppositae,
744 4761 821 4816 una
843 4741 1044 4840 utrinque,
1067 4751 1199 4831 onata,
1231 4739 1310 4815 basi
1333 4741 1511 4816 latissima
1534 4744 1712 4843 angulum
1738 4767 1829 4815 cau-

350 4847 395 4921 lis
425 4847 473 4920 ad
496 4845 614 4919 latera
639 4845 798 4917 duorum
829 4841 1053 4938 petiolorum
1088 4853 1129 4916 et
1149 4843 1219 4915 sub
1252 4842 1401 4918 duobus
1434 4842 1657 4939 pedunculis
1688 4843 1830 4940 ample-

350 4971 463 5028 xans,
487 4946 801 5032 membranacea,
824 4939 972 5034 viridis,
994 4965 1139 5016 sursum
1163 4967 1309 5032 versus,
1330 4951 1556 5040 angustata,
1582 4941 1750 5042 margine
1772 4968 1830 5015 re-

350 5048 499 5134 voluta,
521 5043 695 5130 binerris,
718 5041 829 5139 apice
850 5035 1063 5115 brevissime
1086 5041 1203 5116 bifido
1221 5065 1286 5116 seu
1308 5043 1513 5135 bidentes,
1535 5047 1698 5142 quatuor
1718 5041 1829 5142 quiu-

352 5169 475 5243 queve
496 5146 613 5220 lineas
632 5143 768 5243 longa,
794 5141 1075 5240 patentissima,
1097 5143 1249 5216 denium
1272 5143 1421 5218 reflexa.

304 5343 479 5418 Auruncu
509 5341 646 5439 saepius
666 5340 861 5432 monoica,
892 5340 1083 5440 superiora
1104 5341 1224 5415 caulis
1253 5350 1293 5415 et
1314 5365 1500 5416 ramorum
1530 5341 1656 5415 omnia
1678 5339 1827 5438 integre

353 5444 540 5536 mascula,
562 5443 736 5516 inferiora
757 5465 847 5515 vero
868 5443 995 5516 omnia
1016 5441 1166 5541 integre
1189 5439 1383 5530 faemiuea;
1408 5441 1469 5514 vel
1491 5441 1605 5516 etiam
1628 5440 1666 5515 in
1689 5465 1828 5513 mascu-

351 5543 471 5616 lorum
503 5542 633 5640 apice,
670 5552 739 5616 nut
763 5541 969 5616 secuudum
1002 5540 1149 5617 illorum
1182 5538 1482 5654 longitudinem,
1518 5539 1688 5614 nonnulli
1718 5539 1828 5614 flores

352 5641 540 5736 foeminei,
560 5641 659 5717 sicut
680 5641 719 5717 in
739 5642 921 5718 laemineis
941 5640 1110 5718 nonnulli
1131 5641 1288 5716 masculi
1309 5639 1507 5716 commixti
1526 5649 1741 5716 occurrunt.
1766 5639 1828 5714 Iu-
