5500 7100
1023 506 1301 596 numanum.
1799 503 1903 600 dll
2039 504 2044 518 '

549 705 555 718 0
850 703 855 712 ι
892 703 897 714 ι
1408 706 1426 714 ιι
1615 709 1620 717 .
1666 709 1674 723 7
1922 721 1925 729 Ι

551 744 554 753 r
594 746 598 756 ι
1311 739 1314 748 '
1432 737 1435 746 ‘
1758 739 1761 745 “
1798 741 1879 759 1,,ι

407 769 409 780 ι
890 767 895 776 ’
1441 771 1469 776 “·
1667 771 1671 778 ·
1746 773 1754 782 ·
1842 777 1931 790 ιἰι-ιι

443 768 1897 824 ..ι-*Μ

1202 845 1206 878 ἱ
1262 871 1265 878 ,
1299 856 1314 876 a*
1440 845 1466 875 'r
1514 839 1518 848 Ι
1571 861 1607 881 ι,
1664 873 1678 880 a·
1722 871 1726 878 Ι
1760 855 1805 884 i'v
1869 842 1876 888 Ι

762 1117 1262 1202 nurrunrrruurr
1298 1069 1614 1200 maratica„
1646 1155 1678 1178 -.

412 1528 613 1600 Anrrnnrr.
640 1523 754 1598 caule
775 1525 1033 1616 srutescente,
1056 1523 1333 1618 erectiusculo,
1355 1525 1591 1622 pubescente
1604 1550 1613 1614 ;
1641 1524 1738 1600 foliis
1761 1525 1838 1600 late
1859 1525 1938 1600 lan·

409 1673 415 1685 ,
454 1625 640 1714 ceolatis,
661 1623 698 1697 in
721 1622 903 1720 petiolum
925 1624 1079 1697 brevem
1101 1628 1337 1722 angustatis,
1361 1625 1562 1723 oppositis,
1586 1625 1841 1724 alternisque,
1866 1626 1939 1726 gla-

456 1726 650 1816 herrimis;
682 1725 813 1820 calyce
833 1723 1002 1816 hirsute,
1034 1723 1180 1798 laciniis
1199 1723 1475 1824 inaequalibus,
1509 1725 1650 1818 acutis3
1684 1727 1824 1800 corolla
1857 1725 1939 1801 basi

455 1826 638 1924 gibbosa,
664 1824 868 1916 mediocri,
890 1824 1229 1900 flavescenti-alba.

417 2027 620 2100 Aurrsnrr.
644 2023 760 2100 molle.
783 2022 892 2099 Brot.
915 2025 968 2100 Fl.
992 2023 1113 2100 Lusit.
1141 2039 1169 2100 l.
1192 2049 1227 2148 Ρ.
1256 2040 1334 2100 199.

418 2227 620 2300 Aurrnnrr.
642 2223 915 2300 meonontlrum.
935 2223 1036 2298 Link
1060 2225 1156 2300 Flor.
1178 2223 1299 2301 Lusit.
1328 2239 1355 2300 l.
1379 2249 1416 2322 p.
1441 2241 1522 2301 261.
1549 2227 1625 2304 tab.
1652 2240 1705 2300 51.

417 2727 579 2802 Caunus
604 2721 716 2822 pauci
747 2745 795 2795 ex
816 2721 950 2796 eadem
975 2721 1103 2796 radice
1127 2747 1297 2814 ramosa,
1328 2721 1411 2797 basi
1431 2722 1588 2823 lignosi,
1619 2723 1815 2817 fruticosi,
1842 2735 1940 2802 tere-

463 2841 541 2916 tes,
563 2820 827 2912 erectiusculi,
853 2823 1137 2918 sesquipedales
1157 2824 1204 2896 ad
1226 2824 1305 2898 lere
1329 2823 1555 2920 bipedales,
1587 2825 1864 2919 pubescentes,
1886 2828 1941 2925 pi-

459 2927 502 3000 lis
522 2923 720 3013 brevibus,
751 2920 954 2996 hincinde
986 2932 1116 2996 tamen
1146 2923 1289 3022 glabri,
1317 2924 1477 3014 ramosi3
1509 2925 1622 2998 ramis
1643 2929 1807 3021 erectis,
1839 2951 1941 3027 saepe

460 3024 659 3125 oppositis,
685 3020 873 3096 nonnullis
891 3022 1076 3120 supremis
1098 3021 1265 3098 alternis.

416 3226 537 3302 Fonrs
566 3223 762 3322 opposita,
783 3221 975 3321 superiora
998 3221 1165 3314 alterna,
1189 3221 1345 3314 viridia,
1366 3221 1445 3297 late
1465 3223 1703 3318 lanceolata,
1726 3237 1862 3321 acula,
1885 3227 1940 3304 in-

461 3325 683 3427 tegerrima,
710 3323 960 3424 glaberrima,
991 3321 1029 3395 in
1051 3322 1233 3419 petiolum
1255 3323 1519 3421 sesquilineam
1553 3325 1602 3400 ad
1623 3325 1702 3399 fere
1724 3336 1801 3402 tres
1821 3327 1939 3404 lineas

461 3426 614 3525 longum
641 3433 867 3524 angustata,
893 3419 1033 3496 lamina
1053 3421 1330 3520 sesquiunciam
1353 3424 1402 3497 ad
1425 3425 1555 3498 uncias
1576 3424 1668 3499 duas
1689 3426 1824 3526 longa,
1848 3439 1938 3504 octo

460 3527 663 3602 addacem
685 3525 801 3598 lineas
830 3523 930 3616 lata,
961 3521 1098 3597 sensim
1123 3547 1246 3596 versus
1270 3523 1397 3597 caulis
1427 3534 1468 3598 et
1490 3549 1675 3599 ramorum
1711 3533 1839 3624 apices
1871 3527 1939 3604 de·

459 3625 689 3702 crescentia:
718 3623 757 3698 in
779 3622 900 3698 axillis
919 3621 1106 3697 nonnullis
1126 3622 1200 3697 alia
1221 3621 1379 3715 minora,
1398 3649 1464 3697 seu
1487 3623 1541 3698 ibi
1562 3625 1695 3699 ramuli
1719 3626 1940 3706 brevissimi.

414 3826 579 3902 Racsnrr
604 3822 840 3914 terminales,
871 3821 1025 3910 hirsuti,
1056 3821 1285 3920 semipedem
1318 3833 1359 3898 et
1381 3824 1479 3898 ultra
1502 3824 1614 3923 longi.
1649 3825 1778 3900 Flores
1801 3825 1941 3928 singuli

458 3925 498 4000 in
521 3925 644 4001 axillis
664 3924 836 3999 soliorum
860 3923 1047 3998 floralium
1071 3921 1251 4016 solitarii,
1285 3923 1440 4016 alterni,
1475 3924 1715 4022 pedicellati3
1746 3928 1945 4025 pedicellis

459 4027 726 4126 sesquilineam
759 4025 806 4099 ad
829 4023 948 4098 lineas
968 4023 1064 4097 duas
1086 4021 1230 4121 longis,
1261 4021 1424 4097 hirsutis.
1454 4023 1562 4098 Folia
1584 4025 1727 4100 floralia
1750 4027 1941 4122 solitaria,

460 4123 849 4218 lineari-lanceolata,
874 4134 1012 4214 acuta,
1032 4121 1153 4216 hirta,
1178 4123 1375 4220 pedicellis
1396 4123 1505 4200 valde
1527 4123 1705 4224 longiora.

412 4325 561 4400 Crurx
587 4324 729 4400 corolld
751 4327 868 4399 multo
890 4321 1060 4407 brevior,
1092 4321 1186 4396 duas
1216 4323 1263 4397 ad
1287 4333 1453 4423 quatuor
1483 4323 1600 4397 lineas
1620 4323 1778 4424 longus,
1810 4327 1943 4424 persis·

457 4435 552 4625 igi}
556 4453 586 4601 {s
599 4425 744 4501 laciniis
764 4420 1142 4514 ovato-lanceolatis,
1173 4430 1318 4518 acutis,
1351 4423 1625 4524 inaequalibus,
1657 4422 1830 4520 hirsutis,
1860 4429 1945 4527 pilis

411 4725 606 4800 Cononis
636 4735 861 4824 personata,
891 4723 1008 4798 lormd
1040 4731 1083 4797 ut
1105 4719 1167 4796 illa
1190 4721 1355 4796 Antirrh.
1384 4724 1557 4816 maioris,
1588 4723 1654 4798 sed
1678 4723 1819 4812 minor,
1852 4737 1943 4802 octo

458 4826 508 4900 ad
532 4827 667 4900 decem
690 4825 808 4899 lineas
830 4825 963 4924 longa,
987 4819 1145 4920 basique
1168 4820 1286 4920 magis
1306 4823 1542 4921 prominenS,
1565 4825 1659 4898 tubo
1681 4848 1729 4897 ex
1751 4824 1946 4899 flavescen-

457 4927 489 5000 ti
519 4925 673 5015 albido,
705 4921 1004 5022 subpubescenti
1035 4922 1137 4994 circa
1165 4923 1301 4996 rictum
1333 4923 1502 5016 hirsuto,
1528 4923 1655 5020 palato
1686 4925 1814 5016 luteo,
1846 4924 1946 5000 labio

454 5025 652 5121 superiore
674 5023 922 5124 emarginato.
955 5020 1125 5096 Stamina
1147 5021 1410 5121 didynamica,
1441 5047 1510 5120 per
1534 5022 1636 5120 paria
1659 5023 1943 5120 approximata,

455 5125 616 5198 inclusa.
641 5124 765 5222 Stylos
783 5123 859 5198 situ
882 5133 922 5198 et
944 5119 1178 5220 longitudine
1199 5121 1428 5197 staminum:
1457 5123 1596 5221 stigma
1617 5124 1810 5198 obtusum.

404 5324 604 5399 capsum
632 5335 768 5412 ovata,
790 5323 922 5423 calyce
943 5318 1111 5421 longior,
1132 5320 1212 5395 basi
1233 5320 1414 5420 obliqua,
1445 5321 1681 5413 bilocularis,
1713 5323 1822 5420 apice
1844 5320 1947 5397 trilo-

452 5449 497 5498 ro
519 5422 678 5520 obliquo
700 5423 918 5521 dehiscens,
940 5423 1187 5521 polysperma.
1214 5420 1367 5496 Semina
1388 5423 1514 5517 lusca,
1546 5425 1805 5517 subrotunda,
1837 5423 1946 5498 undi-

454 5547 537 5620 que
561 5523 832 5598 scrobiculata.
