<?xml version="1.0" encoding="UTF-8"?>
<!DOCTYPE html PUBLIC "-//W3C//DTD XHTML 1.0 Transitional//EN"
    "http://www.w3.org/TR/xhtml1/DTD/xhtml1-transitional.dtd">
<html xmlns="http://www.w3.org/1999/xhtml" xml:lang="en" lang="en">
 <head>
  <title>
</title>
<meta http-equiv="Content-Type" content="text/html;charset=utf-8" />
  <meta name='ocr-system' content='tesseract 3.04.00' />
  <meta name='ocr-capabilities' content='ocr_page ocr_carea ocr_par ocr_line ocrx_word'/>
</head>
<body>
  <div class='ocr_page' id='page_1' title='image "./phytographialus00brotgoog_0151.png"; bbox 0 0 5752 7128; ppageno 0'>
   <div class='ocr_carea' id='block_1_1' title="bbox 831 581 1190 654">
    <p class='ocr_par' dir='ltr' id='par_1_1' title="bbox 831 581 1190 654">
     <span class='ocr_line' id='line_1_1' title="bbox 831 581 1190 654; baseline 0.008 -8"><span class='ocrx_word' id='word_1_1' title='bbox 831 581 1138 654; x_wconf 44' lang='lat' dir='ltr'><strong>*LUSITNm</strong></span> <span class='ocrx_word' id='word_1_2' title='bbox 1185 643 1190 649; x_wconf 91' lang='lat'>.</span> 
     </span>
    </p>
   </div>
   <div class='ocr_carea' id='block_1_2' title="bbox 606 1067 1360 1174">
    <p class='ocr_par' dir='ltr' id='par_1_2' title="bbox 606 1067 1360 1174">
     <span class='ocr_line' id='line_1_2' title="bbox 606 1067 1360 1174; baseline 0.004 -25"><span class='ocrx_word' id='word_1_3' title='bbox 606 1137 611 1149; x_wconf 91' lang='lat'><em>.</em></span> <span class='ocrx_word' id='word_1_4' title='bbox 633 1069 728 1146; x_wconf 74' lang='grc' dir='ltr'><strong>ὈΒ</strong></span> <span class='ocrx_word' id='word_1_5' title='bbox 743 1069 760 1146; x_wconf 96' lang='lat' dir='ltr'><strong>l</strong></span> <span class='ocrx_word' id='word_1_6' title='bbox 774 1067 1018 1147; x_wconf 74' lang='lat' dir='ltr'><strong>GANUM</strong></span> <span class='ocrx_word' id='word_1_7' title='bbox 1045 1073 1203 1174; x_wconf 59' lang='lat' dir='ltr'><strong>&lt;culpare</strong></span> <span class='ocrx_word' id='word_1_8' title='bbox 1221 1075 1360 1151; x_wconf 66' lang='lat' dir='ltr'><strong>virens:</strong></span> 
     </span>
    </p>
   </div>
   <div class='ocr_carea' id='block_1_3' title="bbox 229 1337 1761 1670">
    <p class='ocr_par' dir='ltr' id='par_1_3' title="bbox 229 1337 1761 1670">
     <span class='ocr_line' id='line_1_3' title="bbox 229 1337 1761 1476; baseline 0.005 -30"><span class='ocrx_word' id='word_1_9' title='bbox 229 1373 308 1450; x_wconf 80' lang='lat' dir='ltr'><strong>Os.</strong></span> <span class='ocrx_word' id='word_1_10' title='bbox 333 1371 433 1448; x_wconf 81' lang='lat' dir='ltr'><strong>soliis</strong></span> <span class='ocrx_word' id='word_1_11' title='bbox 451 1373 576 1448; x_wconf 82' lang='lat' dir='ltr'><strong>oratis</strong></span> <span class='ocrx_word' id='word_1_12' title='bbox 596 1337 683 1448; x_wconf 84' lang='lat' dir='ltr'><strong>laxe</strong></span> <span class='ocrx_word' id='word_1_13' title='bbox 701 1345 947 1467; x_wconf 88' lang='lat' dir='ltr'><strong>subserratis,</strong></span> <span class='ocrx_word' id='word_1_14' title='bbox 967 1374 1108 1449; x_wconf 88' lang='lat' dir='ltr'><strong>subtus</strong></span> <span class='ocrx_word' id='word_1_15' title='bbox 1121 1373 1295 1466; x_wconf 86' lang='lat' dir='ltr'><strong>hirsutis3</strong></span> <span class='ocrx_word' id='word_1_16' title='bbox 1318 1375 1431 1476; x_wconf 88' lang='lat' dir='ltr'><strong>spicis</strong></span> <span class='ocrx_word' id='word_1_17' title='bbox 1450 1377 1658 1472; x_wconf 82' lang='lat' dir='ltr'><strong>brevibus,</strong></span> <span class='ocrx_word' id='word_1_18' title='bbox 1677 1401 1761 1454; x_wconf 90' lang='lat' dir='ltr'><strong>con·</strong></span> 
     </span>
     <span class='ocr_line' id='line_1_4' title="bbox 241 1471 1761 1649; baseline 0.006 -103"><span class='ocrx_word' id='word_1_19' title='bbox 241 1524 245 1546; x_wconf 82' lang='grc'>,</span> <span class='ocrx_word' id='word_1_20' title='bbox 278 1471 678 1649; x_wconf 50' lang='lat' dir='ltr'><strong>lertisgfipaniculatim</strong></span> <span class='ocrx_word' id='word_1_21' title='bbox 700 1472 866 1548; x_wconf 78' lang='lat' dir='ltr'><strong>bracteis</strong></span> <span class='ocrx_word' id='word_1_22' title='bbox 885 1473 1027 1568; x_wconf 83' lang='lat' dir='ltr'><strong>oratis,</strong></span> <span class='ocrx_word' id='word_1_23' title='bbox 1040 1474 1172 1572; x_wconf 18' lang='lat' dir='ltr'><strong>,acutis</strong></span> <span class='ocrx_word' id='word_1_24' title='bbox 1183 1533 1194 1569; x_wconf 93' lang='lat'><strong>,</strong></span> <span class='ocrx_word' id='word_1_25' title='bbox 1217 1475 1514 1572; x_wconf 83' lang='lat' dir='ltr'><strong>virescentibus,</strong></span> <span class='ocrx_word' id='word_1_26' title='bbox 1535 1479 1667 1577; x_wconf 78' lang='lat' dir='ltr'>calyce</span> <span class='ocrx_word' id='word_1_27' title='bbox 1689 1479 1761 1554; x_wconf 59' lang='lat' dir='ltr'><strong>lon⁴</strong></span> 
     </span>
     <span class='ocr_line' id='line_1_5' title="bbox 282 1595 463 1670; baseline 0.006 -25"><span class='ocrx_word' id='word_1_28' title='bbox 282 1595 380 1670; x_wconf 85' lang='lat' dir='ltr'><strong>gron</strong></span> <span class='ocrx_word' id='word_1_29' title='bbox 455 1629 463 1646; x_wconf 91' lang='lat'><strong>.</strong></span> 
     </span>
    </p>
   </div>
   <div class='ocr_carea' id='block_1_4' title="bbox 947 1671 1491 1778">
    <p class='ocr_par' dir='ltr' id='par_1_4' title="bbox 947 1671 1491 1778">
     <span class='ocr_line' id='line_1_6' title="bbox 947 1671 1491 1778; baseline 0.007 -30"><span class='ocrx_word' id='word_1_30' title='bbox 947 1671 1069 1750; x_wconf 81' lang='lat' dir='ltr'><strong>Lusit.</strong></span> <span class='ocrx_word' id='word_1_31' title='bbox 1101 1676 1269 1778; x_wconf 78' lang='lat' dir='ltr'><strong>Ourepdo</strong></span> <span class='ocrx_word' id='word_1_32' title='bbox 1290 1675 1491 1754; x_wconf 83' lang='lat' dir='ltr'><strong>ordinario.</strong></span> 
     </span>
    </p>
   </div>
   <div class='ocr_carea' id='block_1_5' title="bbox 229 1869 1225 1978">
    <p class='ocr_par' dir='ltr' id='par_1_5' title="bbox 229 1843 1225 1978">
     <span class='ocr_line' id='line_1_7' title="bbox 229 1869 1225 1978; baseline 0.006 -34"><span class='ocrx_word' id='word_1_33' title='bbox 229 1869 309 1946; x_wconf 83' lang='lat' dir='ltr'><strong>On.</strong></span> <span class='ocrx_word' id='word_1_34' title='bbox 335 1873 497 1978; x_wconf 70' lang='lat' dir='ltr'><strong>vulgare.</strong></span> <span class='ocrx_word' id='word_1_35' title='bbox 517 1873 621 1953; x_wconf 86' lang='lat' dir='ltr'><strong>Brot.</strong></span> <span class='ocrx_word' id='word_1_36' title='bbox 643 1875 697 1952; x_wconf 89' lang='lat' dir='ltr'><strong>Fl.</strong></span> <span class='ocrx_word' id='word_1_37' title='bbox 718 1874 842 1956; x_wconf 82' lang='lat' dir='ltr'><strong>Lusit.</strong></span> <span class='ocrx_word' id='word_1_38' title='bbox 866 1880 957 1948; x_wconf 89' lang='lat' dir='ltr'><strong>tom.</strong></span> <span class='ocrx_word' id='word_1_39' title='bbox 981 1888 1014 1949; x_wconf 90' lang='lat'><strong>1.</strong></span> <span class='ocrx_word' id='word_1_40' title='bbox 1036 1898 1122 1974; x_wconf 84' lang='lat' dir='ltr'><strong>pag.</strong></span> <span class='ocrx_word' id='word_1_41' title='bbox 1148 1890 1225 1952; x_wconf 83' lang='lat'>169.</span> 
     </span>
    </p>
   </div>
   <div class='ocr_carea' id='block_1_6' title="bbox 230 2071 1758 2282">
    <p class='ocr_par' dir='ltr' id='par_1_6' title="bbox 230 2071 1758 2282">
     <span class='ocr_line' id='line_1_8' title="bbox 230 2071 1758 2174; baseline 0.002 -26"><span class='ocrx_word' id='word_1_42' title='bbox 230 2071 307 2148; x_wconf 84' lang='lat' dir='ltr'><strong>Oa.</strong></span> <span class='ocrx_word' id='word_1_43' title='bbox 332 2071 461 2149; x_wconf 71' lang='lat' dir='ltr'><strong>carens.</strong></span> <span class='ocrx_word' id='word_1_44' title='bbox 482 2073 583 2151; x_wconf 88' lang='lat' dir='ltr'><strong>Link</strong></span> <span class='ocrx_word' id='word_1_45' title='bbox 603 2077 698 2154; x_wconf 88' lang='lat' dir='ltr'><strong>Flor.</strong></span> <span class='ocrx_word' id='word_1_46' title='bbox 720 2076 840 2154; x_wconf 81' lang='lat' dir='ltr'><strong>Lusit</strong></span> <span class='ocrx_word' id='word_1_47' title='bbox 864 2083 955 2150; x_wconf 89' lang='lat' dir='ltr'><strong>tom.</strong></span> <span class='ocrx_word' id='word_1_48' title='bbox 983 2090 1012 2150; x_wconf 90' lang='lat' dir='ltr'><strong>l.</strong></span> <span class='ocrx_word' id='word_1_49' title='bbox 1044 2099 1079 2174; x_wconf 93' lang='lat' dir='ltr'><strong>p.</strong></span> <span class='ocrx_word' id='word_1_50' title='bbox 1104 2089 1183 2152; x_wconf 82' lang='lat'>119.</span> <span class='ocrx_word' id='word_1_51' title='bbox 1217 2076 1295 2154; x_wconf 77' lang='lat' dir='ltr'><strong>tab.</strong></span> <span class='ocrx_word' id='word_1_52' title='bbox 1329 2092 1360 2153; x_wconf 79' lang='grc'><strong>9.</strong></span> <span class='ocrx_word' id='word_1_53' title='bbox 1394 2077 1453 2155; x_wconf 90' lang='lat' dir='ltr'><strong>La</strong></span> <span class='ocrx_word' id='word_1_54' title='bbox 1482 2077 1625 2154; x_wconf 88' lang='lat' dir='ltr'><strong>Marck</strong></span> <span class='ocrx_word' id='word_1_55' title='bbox 1657 2073 1758 2154; x_wconf 80' lang='lat' dir='ltr'><strong>Dict.</strong></span> 
     </span>
     <span class='ocr_line' id='line_1_9' title="bbox 280 2171 1038 2282; baseline 0.001 -34"><span class='ocrx_word' id='word_1_56' title='bbox 280 2171 370 2248; x_wconf 91' lang='lat' dir='ltr'><strong>Bot.</strong></span> <span class='ocrx_word' id='word_1_57' title='bbox 390 2172 550 2274; x_wconf 84' lang='lat' dir='ltr'><strong>Encycl.</strong></span> <span class='ocrx_word' id='word_1_58' title='bbox 571 2176 702 2276; x_wconf 89' lang='lat' dir='ltr'><strong>Suppl.</strong></span> <span class='ocrx_word' id='word_1_59' title='bbox 725 2187 813 2253; x_wconf 91' lang='lat' dir='ltr'><strong>tom.</strong></span> <span class='ocrx_word' id='word_1_60' title='bbox 838 2193 871 2252; x_wconf 87' lang='lat'><strong>4.</strong></span> <span class='ocrx_word' id='word_1_61' title='bbox 894 2199 929 2282; x_wconf 90' lang='lat' dir='ltr'><strong>p.</strong></span> <span class='ocrx_word' id='word_1_62' title='bbox 959 2189 1038 2250; x_wconf 82' lang='lat'><strong>186.</strong></span> 
     </span>
    </p>
   </div>
   <div class='ocr_carea' id='block_1_7' title="bbox 156 2569 974 2696">
    <p class='ocr_par' dir='ltr' id='par_1_7' title="bbox 156 2569 974 2696">
     <span class='ocr_line' id='line_1_10' title="bbox 156 2569 974 2696; baseline 0.009 -47"><span class='ocrx_word' id='word_1_63' title='bbox 156 2679 162 2696; x_wconf 37' lang='grc' dir='ltr'><strong><em>Ι</em></strong></span> <span class='ocrx_word' id='word_1_64' title='bbox 231 2569 371 2650; x_wconf 79' lang='lat' dir='ltr'><strong>Rnnrx</strong></span> <span class='ocrx_word' id='word_1_65' title='bbox 395 2574 563 2676; x_wconf 80' lang='lat' dir='ltr'>lignosa,</span> <span class='ocrx_word' id='word_1_66' title='bbox 590 2601 759 2673; x_wconf 88' lang='lat' dir='ltr'><strong>ramosa,</strong></span> <span class='ocrx_word' id='word_1_67' title='bbox 786 2577 974 2678; x_wconf 86' lang='lat' dir='ltr'><strong>perennis.</strong></span> 
     </span>
    </p>
   </div>
   <div class='ocr_carea' id='block_1_8' title="bbox 234 2773 1764 3076">
    <p class='ocr_par' dir='ltr' id='par_1_8' title="bbox 234 2773 1764 3077">
     <span class='ocr_line' id='line_1_11' title="bbox 234 2773 1763 2876; baseline 0.003 -28"><span class='ocrx_word' id='word_1_68' title='bbox 234 2773 394 2851; x_wconf 80' lang='lat' dir='ltr'><strong>Cruces</strong></span> <span class='ocrx_word' id='word_1_69' title='bbox 420 2773 599 2868; x_wconf 81' lang='lat' dir='ltr'><strong>solitarii,</strong></span> <span class='ocrx_word' id='word_1_70' title='bbox 634 2786 703 2852; x_wconf 90' lang='lat' dir='ltr'><strong>aut</strong></span> <span class='ocrx_word' id='word_1_71' title='bbox 721 2777 834 2876; x_wconf 90' lang='lat' dir='ltr'><strong>pauci</strong></span> <span class='ocrx_word' id='word_1_72' title='bbox 866 2802 915 2852; x_wconf 86' lang='lat' dir='ltr'><strong>ex</strong></span> <span class='ocrx_word' id='word_1_73' title='bbox 935 2779 1069 2854; x_wconf 87' lang='lat' dir='ltr'><strong>eadem</strong></span> <span class='ocrx_word' id='word_1_74' title='bbox 1097 2777 1247 2870; x_wconf 83' lang='lat' dir='ltr'><strong>radice,</strong></span> <span class='ocrx_word' id='word_1_75' title='bbox 1279 2778 1421 2870; x_wconf 89' lang='lat' dir='ltr'><strong>erecti,</strong></span> <span class='ocrx_word' id='word_1_76' title='bbox 1452 2777 1624 2855; x_wconf 82' lang='lat' dir='ltr'><strong>obsoleta</strong></span> <span class='ocrx_word' id='word_1_77' title='bbox 1645 2787 1763 2854; x_wconf 58' lang='lat' dir='ltr'><strong>tetras</strong></span> 
     </span>
     <span class='ocr_line' id='line_1_12' title="bbox 284 2871 1764 2977; baseline 0.001 -29"><span class='ocrx_word' id='word_1_78' title='bbox 284 2875 396 2973; x_wconf 86' lang='lat' dir='ltr'><strong>goni,</strong></span> <span class='ocrx_word' id='word_1_79' title='bbox 416 2871 576 2964; x_wconf 87' lang='lat' dir='ltr'><strong>virides,</strong></span> <span class='ocrx_word' id='word_1_80' title='bbox 600 2887 669 2952; x_wconf 89' lang='lat' dir='ltr'><strong>aut</strong></span> <span class='ocrx_word' id='word_1_81' title='bbox 690 2877 880 2954; x_wconf 91' lang='lat' dir='ltr'><strong>interdum</strong></span> <span class='ocrx_word' id='word_1_82' title='bbox 901 2879 1176 2968; x_wconf 87' lang='lat' dir='ltr'><strong>subrubentes,</strong></span> <span class='ocrx_word' id='word_1_83' title='bbox 1201 2877 1359 2968; x_wconf 84' lang='lat' dir='ltr'><strong>hirsuti,</strong></span> <span class='ocrx_word' id='word_1_84' title='bbox 1380 2879 1535 2975; x_wconf 83' lang='lat' dir='ltr'>pedales</span> <span class='ocrx_word' id='word_1_85' title='bbox 1558 2879 1605 2954; x_wconf 90' lang='lat' dir='ltr'><strong>ad</strong></span> <span class='ocrx_word' id='word_1_86' title='bbox 1627 2879 1764 2977; x_wconf 90' lang='lat' dir='ltr'><strong>sesqui-</strong></span> 
     </span>
     <span class='ocr_line' id='line_1_13' title="bbox 282 2976 1760 3076; baseline 0.003 -30"><span class='ocrx_word' id='word_1_87' title='bbox 282 2976 461 3075; x_wconf 89' lang='lat' dir='ltr'><strong>pedales,</strong></span> <span class='ocrx_word' id='word_1_88' title='bbox 479 2977 640 3074; x_wconf 76' lang='lat' dir='ltr'><strong>superne</strong></span> <span class='ocrx_word' id='word_1_89' title='bbox 660 2979 859 3072; x_wconf 81' lang='lat' dir='ltr'><strong>ramulosi3</strong></span> <span class='ocrx_word' id='word_1_90' title='bbox 878 2976 991 3053; x_wconf 86' lang='lat' dir='ltr'><strong>ramis</strong></span> <span class='ocrx_word' id='word_1_91' title='bbox 1011 2977 1211 3068; x_wconf 90' lang='lat' dir='ltr'><strong>brevibus,</strong></span> <span class='ocrx_word' id='word_1_92' title='bbox 1235 2977 1559 3076; x_wconf 87' lang='lat' dir='ltr'><strong>pubescentibus,</strong></span> <span class='ocrx_word' id='word_1_93' title='bbox 1581 2978 1760 3053; x_wconf 84' lang='lat' dir='ltr'><strong>floriferis.</strong></span> 
     </span>
    </p>
   </div>
   <div class='ocr_carea' id='block_1_9' title="bbox 233 3173 1767 3578">
    <p class='ocr_par' dir='ltr' id='par_1_9' title="bbox 233 3173 1767 3578">
     <span class='ocr_line' id='line_1_14' title="bbox 233 3173 1767 3277; baseline 0 -27"><span class='ocrx_word' id='word_1_94' title='bbox 233 3175 267 3250; x_wconf 89' lang='lat' dir='ltr'><strong>F</strong></span> <span class='ocrx_word' id='word_1_95' title='bbox 269 3201 360 3250; x_wconf 76' lang='lat' dir='ltr'><strong>carr</strong></span> <span class='ocrx_word' id='word_1_96' title='bbox 389 3173 585 3274; x_wconf 88' lang='lat' dir='ltr'><strong>opposita,</strong></span> <span class='ocrx_word' id='word_1_97' title='bbox 605 3175 772 3252; x_wconf 86' lang='lat' dir='ltr'><strong>breviter</strong></span> <span class='ocrx_word' id='word_1_98' title='bbox 791 3177 993 3276; x_wconf 88' lang='lat' dir='ltr'><strong>petiolata,</strong></span> <span class='ocrx_word' id='word_1_99' title='bbox 1014 3175 1240 3252; x_wconf 83' lang='lat' dir='ltr'><strong>internodiis</strong></span> <span class='ocrx_word' id='word_1_100' title='bbox 1260 3174 1372 3275; x_wconf 87' lang='lat' dir='ltr'><strong>triplo</strong></span> <span class='ocrx_word' id='word_1_101' title='bbox 1394 3185 1435 3252; x_wconf 91' lang='lat' dir='ltr'><strong>et</strong></span> <span class='ocrx_word' id='word_1_102' title='bbox 1457 3179 1557 3254; x_wconf 90' lang='lat' dir='ltr'><strong>ultra</strong></span> <span class='ocrx_word' id='word_1_103' title='bbox 1579 3175 1767 3277; x_wconf 85' lang='lat' dir='ltr'><strong>longiora,</strong></span> 
     </span>
     <span class='ocr_line' id='line_1_15' title="bbox 285 3275 1761 3370; baseline 0.001 -22"><span class='ocrx_word' id='word_1_104' title='bbox 285 3284 423 3370; x_wconf 88' lang='lat' dir='ltr'><strong>ovata,</strong></span> <span class='ocrx_word' id='word_1_105' title='bbox 456 3284 592 3368; x_wconf 90' lang='lat' dir='ltr'><strong>acuta,</strong></span> <span class='ocrx_word' id='word_1_106' title='bbox 622 3288 690 3352; x_wconf 86' lang='lat' dir='ltr'><strong>aut</strong></span> <span class='ocrx_word' id='word_1_107' title='bbox 718 3277 910 3352; x_wconf 90' lang='lat' dir='ltr'><strong>interdum</strong></span> <span class='ocrx_word' id='word_1_108' title='bbox 941 3277 1221 3369; x_wconf 87' lang='lat' dir='ltr'><strong>obtusiuscula,</strong></span> <span class='ocrx_word' id='word_1_109' title='bbox 1252 3275 1439 3352; x_wconf 86' lang='lat' dir='ltr'><strong>distanter</strong></span> <span class='ocrx_word' id='word_1_110' title='bbox 1470 3287 1511 3354; x_wconf 90' lang='lat' dir='ltr'><strong>et</strong></span> <span class='ocrx_word' id='word_1_111' title='bbox 1544 3277 1761 3354; x_wconf 89' lang='lat' dir='ltr'><strong>brevissime</strong></span> 
     </span>
     <span class='ocr_line' id='line_1_16' title="bbox 284 3374 1764 3490; baseline 0.001 -40"><span class='ocrx_word' id='word_1_112' title='bbox 284 3383 449 3467; x_wconf 89' lang='lat' dir='ltr'><strong>serrata,</strong></span> <span class='ocrx_word' id='word_1_113' title='bbox 470 3374 625 3470; x_wconf 90' lang='lat' dir='ltr'><strong>viridia,</strong></span> <span class='ocrx_word' id='word_1_114' title='bbox 640 3397 760 3490; x_wconf 71' lang='lat' dir='ltr'><strong>‘supra</strong></span> <span class='ocrx_word' id='word_1_115' title='bbox 778 3377 1059 3476; x_wconf 87' lang='lat' dir='ltr'><strong>glabriuscula,</strong></span> <span class='ocrx_word' id='word_1_116' title='bbox 1090 3377 1227 3451; x_wconf 88' lang='lat' dir='ltr'><strong>subtus</strong></span> <span class='ocrx_word' id='word_1_117' title='bbox 1244 3385 1286 3450; x_wconf 90' lang='lat' dir='ltr'><strong>et</strong></span> <span class='ocrx_word' id='word_1_118' title='bbox 1307 3379 1476 3478; x_wconf 85' lang='lat' dir='ltr'><strong>margine</strong></span> <span class='ocrx_word' id='word_1_119' title='bbox 1498 3377 1652 3472; x_wconf 87' lang='lat' dir='ltr'><strong>villosa,</strong></span> <span class='ocrx_word' id='word_1_120' title='bbox 1678 3397 1764 3452; x_wconf 88' lang='lat' dir='ltr'><strong>ner·</strong></span> 
     </span>
     <span class='ocr_line' id='line_1_17' title="bbox 284 3475 1504 3578; baseline 0.002 -29"><span class='ocrx_word' id='word_1_121' title='bbox 284 3499 399 3571; x_wconf 86' lang='lat' dir='ltr'><strong>voss,</strong></span> <span class='ocrx_word' id='word_1_122' title='bbox 420 3499 487 3551; x_wconf 84' lang='lat' dir='ltr'><strong>sex</strong></span> <span class='ocrx_word' id='word_1_123' title='bbox 507 3476 556 3552; x_wconf 92' lang='lat' dir='ltr'><strong>od</strong></span> <span class='ocrx_word' id='word_1_124' title='bbox 576 3485 663 3555; x_wconf 85' lang='lat' dir='ltr'><strong>octo</strong></span> <span class='ocrx_word' id='word_1_125' title='bbox 682 3478 800 3552; x_wconf 78' lang='lat' dir='ltr'><strong>lineas</strong></span> <span class='ocrx_word' id='word_1_126' title='bbox 818 3477 918 3572; x_wconf 86' lang='lat' dir='ltr'><strong>lats,</strong></span> <span class='ocrx_word' id='word_1_127' title='bbox 945 3477 1080 3553; x_wconf 88' lang='lat' dir='ltr'><strong>decem</strong></span> <span class='ocrx_word' id='word_1_128' title='bbox 1103 3479 1151 3552; x_wconf 90' lang='lat' dir='ltr'><strong>ad</strong></span> <span class='ocrx_word' id='word_1_129' title='bbox 1172 3475 1358 3552; x_wconf 85' lang='lat' dir='ltr'><strong>tredecim</strong></span> <span class='ocrx_word' id='word_1_130' title='bbox 1380 3479 1504 3578; x_wconf 86' lang='lat' dir='ltr'><strong>longa.</strong></span> 
     </span>
    </p>
   </div>
   <div class='ocr_carea' id='block_1_10' title="bbox 235 3673 1778 4274">
    <p class='ocr_par' dir='ltr' id='par_1_10' title="bbox 235 3673 1778 4274">
     <span class='ocr_line' id='line_1_18' title="bbox 235 3673 1769 3776; baseline -0.001 -27"><span class='ocrx_word' id='word_1_131' title='bbox 235 3673 458 3750; x_wconf 68' lang='lat' dir='ltr'><strong>Panicum</strong></span> <span class='ocrx_word' id='word_1_132' title='bbox 483 3675 674 3776; x_wconf 90' lang='lat' dir='ltr'><strong>spicarum</strong></span> <span class='ocrx_word' id='word_1_133' title='bbox 695 3685 900 3754; x_wconf 84' lang='lat' dir='ltr'><strong>coarctatae</strong></span> <span class='ocrx_word' id='word_1_134' title='bbox 922 3676 960 3752; x_wconf 93' lang='lat' dir='ltr'><strong>in</strong></span> <span class='ocrx_word' id='word_1_135' title='bbox 973 3675 1193 3752; x_wconf 83' lang='lat' dir='ltr'><strong>summitate</strong></span> <span class='ocrx_word' id='word_1_136' title='bbox 1214 3674 1335 3752; x_wconf 90' lang='lat' dir='ltr'><strong>caulis</strong></span> <span class='ocrx_word' id='word_1_137' title='bbox 1355 3677 1669 3774; x_wconf 87' lang='lat' dir='ltr'><strong>ramulorumque</strong></span> <span class='ocrx_word' id='word_1_138' title='bbox 1689 3675 1769 3751; x_wconf 87' lang='lat' dir='ltr'><strong>bre·</strong></span> 
     </span>
     <span class='ocr_line' id='line_1_19' title="bbox 286 3773 1767 3878; baseline 0.003 -32"><span class='ocrx_word' id='word_1_139' title='bbox 286 3773 390 3849; x_wconf 83' lang='lat' dir='ltr'><strong>vium</strong></span> <span class='ocrx_word' id='word_1_140' title='bbox 413 3775 634 3851; x_wconf 84' lang='lat' dir='ltr'><strong>axillarium.</strong></span> <span class='ocrx_word' id='word_1_141' title='bbox 656 3777 787 3853; x_wconf 83' lang='lat' dir='ltr'><strong>Floras</strong></span> <span class='ocrx_word' id='word_1_142' title='bbox 805 3777 843 3852; x_wconf 92' lang='lat' dir='ltr'><strong>in</strong></span> <span class='ocrx_word' id='word_1_143' title='bbox 860 3776 1003 3876; x_wconf 89' lang='lat' dir='ltr'><strong>spicam</strong></span> <span class='ocrx_word' id='word_1_144' title='bbox 1024 3776 1328 3852; x_wconf 88' lang='lat' dir='ltr'><strong>strobililormem</strong></span> <span class='ocrx_word' id='word_1_145' title='bbox 1352 3787 1591 3878; x_wconf 82' lang='lat' dir='ltr'><strong>tetragonam</strong></span> <span class='ocrx_word' id='word_1_146' title='bbox 1614 3777 1767 3851; x_wconf 87' lang='lat' dir='ltr'><strong>brevem</strong></span> 
     </span>
     <span class='ocr_line' id='line_1_20' title="bbox 288 3873 1768 3976; baseline 0.001 -28"><span class='ocrx_word' id='word_1_147' title='bbox 288 3873 478 3973; x_wconf 87' lang='lat' dir='ltr'><strong>dispositi,</strong></span> <span class='ocrx_word' id='word_1_148' title='bbox 505 3878 653 3952; x_wconf 90' lang='lat' dir='ltr'><strong>sessiles</strong></span> <span class='ocrx_word' id='word_1_149' title='bbox 674 3889 741 3953; x_wconf 91' lang='lat' dir='ltr'><strong>aut</strong></span> <span class='ocrx_word' id='word_1_150' title='bbox 759 3877 991 3953; x_wconf 87' lang='lat' dir='ltr'><strong>subsessiles.</strong></span> <span class='ocrx_word' id='word_1_151' title='bbox 1018 3876 1194 3952; x_wconf 80' lang='lat' dir='ltr'><strong>Bracteae</strong></span> <span class='ocrx_word' id='word_1_152' title='bbox 1214 3878 1287 3952; x_wconf 90' lang='lat' dir='ltr'><strong>sub</strong></span> <span class='ocrx_word' id='word_1_153' title='bbox 1308 3875 1458 3976; x_wconf 86' lang='lat' dir='ltr'><strong>singulo</strong></span> <span class='ocrx_word' id='word_1_154' title='bbox 1478 3878 1570 3952; x_wconf 89' lang='lat' dir='ltr'><strong>llore</strong></span> <span class='ocrx_word' id='word_1_155' title='bbox 1591 3876 1768 3950; x_wconf 84' lang='lat' dir='ltr'><strong>imbrica-</strong></span> 
     </span>
     <span class='ocr_line' id='line_1_21' title="bbox 287 3976 1767 4076; baseline -0.001 -28"><span class='ocrx_word' id='word_1_156' title='bbox 287 3984 360 4068; x_wconf 86' lang='lat' dir='ltr'><strong>tae,</strong></span> <span class='ocrx_word' id='word_1_157' title='bbox 389 3987 534 4070; x_wconf 82' lang='lat' dir='ltr'><strong>ovatae,</strong></span> <span class='ocrx_word' id='word_1_158' title='bbox 565 3979 710 4070; x_wconf 80' lang='lat' dir='ltr'><strong>acutas,</strong></span> <span class='ocrx_word' id='word_1_159' title='bbox 737 3976 1012 4076; x_wconf 74' lang='lat' dir='ltr'><strong>integerrimae,</strong></span> <span class='ocrx_word' id='word_1_160' title='bbox 1043 3977 1294 4068; x_wconf 88' lang='lat' dir='ltr'><strong>virescentes,</strong></span> <span class='ocrx_word' id='word_1_161' title='bbox 1326 4002 1410 4051; x_wconf 93' lang='lat' dir='ltr'><strong>raro</strong></span> <span class='ocrx_word' id='word_1_162' title='bbox 1433 3977 1540 4076; x_wconf 82' lang='lat' dir='ltr'><strong>apice</strong></span> <span class='ocrx_word' id='word_1_163' title='bbox 1563 3976 1767 4066; x_wconf 88' lang='lat' dir='ltr'><strong>coloratae,</strong></span> 
     </span>
     <span class='ocr_line' id='line_1_22' title="bbox 288 4074 1778 4176; baseline 0.001 -27"><span class='ocrx_word' id='word_1_164' title='bbox 288 4076 452 4176; x_wconf 78' lang='lat' dir='ltr'><strong>glabrae,</strong></span> <span class='ocrx_word' id='word_1_165' title='bbox 485 4078 675 4152; x_wconf 80' lang='lat' dir='ltr'><strong>nonnullae</strong></span> <span class='ocrx_word' id='word_1_166' title='bbox 706 4103 755 4153; x_wconf 87' lang='lat' dir='ltr'><strong>ex</strong></span> <span class='ocrx_word' id='word_1_167' title='bbox 775 4077 912 4154; x_wconf 85' lang='lat' dir='ltr'><strong>infimis</strong></span> <span class='ocrx_word' id='word_1_168' title='bbox 931 4075 1168 4170; x_wconf 80' lang='lat' dir='ltr'><strong>subsiliatae,</strong></span> <span class='ocrx_word' id='word_1_169' title='bbox 1194 4100 1325 4152; x_wconf 89' lang='lat' dir='ltr'><strong>omnes</strong></span> <span class='ocrx_word' id='word_1_170' title='bbox 1347 4076 1479 4176; x_wconf 86' lang='lat' dir='ltr'><strong>calyce</strong></span> <span class='ocrx_word' id='word_1_171' title='bbox 1511 4074 1697 4176; x_wconf 83' lang='lat' dir='ltr'><strong>longiores</strong></span> <span class='ocrx_word' id='word_1_172' title='bbox 1727 4083 1778 4150; x_wconf 79' lang='lat' dir='ltr'><strong>et</strong></span> 
     </span>
     <span class='ocr_line' id='line_1_23' title="bbox 287 4176 772 4274; baseline 0.006 -22"><span class='ocrx_word' id='word_1_173' title='bbox 287 4199 388 4274; x_wconf 82' lang='lat' dir='ltr'><strong>saepe</strong></span> <span class='ocrx_word' id='word_1_174' title='bbox 409 4176 551 4252; x_wconf 88' lang='lat' dir='ltr'><strong>corolla</strong></span> <span class='ocrx_word' id='word_1_175' title='bbox 573 4176 772 4256; x_wconf 84' lang='lat' dir='ltr'><strong>breviores.</strong></span> 
     </span>
    </p>
   </div>
   <div class='ocr_carea' id='block_1_11' title="bbox 235 4373 1771 4677">
    <p class='ocr_par' dir='ltr' id='par_1_11' title="bbox 235 4373 1771 4677">
     <span class='ocr_line' id='line_1_24' title="bbox 235 4373 1769 4479; baseline -0.002 -29"><span class='ocrx_word' id='word_1_176' title='bbox 235 4373 389 4452; x_wconf 71' lang='lat' dir='ltr'><strong>Graux</strong></span> <span class='ocrx_word' id='word_1_177' title='bbox 409 4374 675 4473; x_wconf 86' lang='lat' dir='ltr'><strong>sesquilineam</strong></span> <span class='ocrx_word' id='word_1_178' title='bbox 696 4376 854 4479; x_wconf 86' lang='lat' dir='ltr'><strong>longus,</strong></span> <span class='ocrx_word' id='word_1_179' title='bbox 875 4386 986 4454; x_wconf 83' lang='lat' dir='ltr'><strong>extus</strong></span> <span class='ocrx_word' id='word_1_180' title='bbox 1005 4376 1185 4470; x_wconf 89' lang='lat' dir='ltr'><strong>striatus,</strong></span> <span class='ocrx_word' id='word_1_181' title='bbox 1208 4377 1442 4475; x_wconf 81' lang='lat' dir='ltr'><strong>pubescens,</strong></span> <span class='ocrx_word' id='word_1_182' title='bbox 1463 4373 1613 4474; x_wconf 90' lang='lat' dir='ltr'><strong>punctis</strong></span> <span class='ocrx_word' id='word_1_183' title='bbox 1635 4373 1769 4448; x_wconf 79' lang='lat' dir='ltr'><strong>resino</strong></span> 
     </span>
     <span class='ocr_line' id='line_1_25' title="bbox 289 4473 1771 4574; baseline -0.003 -24"><span class='ocrx_word' id='word_1_184' title='bbox 289 4473 339 4550; x_wconf 89' lang='lat' dir='ltr'><strong>sis</strong></span> <span class='ocrx_word' id='word_1_185' title='bbox 368 4497 612 4570; x_wconf 88' lang='lat' dir='ltr'><strong>conspersus,</strong></span> <span class='ocrx_word' id='word_1_186' title='bbox 647 4475 749 4552; x_wconf 92' lang='lat' dir='ltr'><strong>intus</strong></span> <span class='ocrx_word' id='word_1_187' title='bbox 779 4478 890 4553; x_wconf 83' lang='lat' dir='ltr'><strong>fauce</strong></span> <span class='ocrx_word' id='word_1_188' title='bbox 922 4477 1095 4567; x_wconf 88' lang='lat' dir='ltr'><strong>villosus,</strong></span> <span class='ocrx_word' id='word_1_189' title='bbox 1127 4501 1202 4551; x_wconf 91' lang='lat' dir='ltr'><strong>non</strong></span> <span class='ocrx_word' id='word_1_190' title='bbox 1234 4475 1462 4571; x_wconf 86' lang='lat' dir='ltr'><strong>bilabiatus,</strong></span> <span class='ocrx_word' id='word_1_191' title='bbox 1499 4475 1567 4550; x_wconf 90' lang='lat' dir='ltr'><strong>sed</strong></span> <span class='ocrx_word' id='word_1_192' title='bbox 1600 4473 1771 4574; x_wconf 91' lang='lat' dir='ltr'><strong>quinque</strong></span> 
     </span>
     <span class='ocr_line' id='line_1_26' title="bbox 291 4571 1738 4677; baseline -0.001 -29"><span class='ocrx_word' id='word_1_193' title='bbox 291 4571 471 4649; x_wconf 91' lang='lat' dir='ltr'><strong>dentibus</strong></span> <span class='ocrx_word' id='word_1_194' title='bbox 491 4573 616 4650; x_wconf 90' lang='lat' dir='ltr'><strong>acutis</strong></span> <span class='ocrx_word' id='word_1_195' title='bbox 637 4577 945 4677; x_wconf 88' lang='lat' dir='ltr'><strong>subaequalibus,</strong></span> <span class='ocrx_word' id='word_1_196' title='bbox 966 4575 1152 4653; x_wconf 89' lang='lat' dir='ltr'><strong>nonnullis</strong></span> <span class='ocrx_word' id='word_1_197' title='bbox 1175 4573 1238 4650; x_wconf 80' lang='lat' dir='ltr'><strong>vix</strong></span> <span class='ocrx_word' id='word_1_198' title='bbox 1258 4574 1479 4670; x_wconf 88' lang='lat' dir='ltr'><strong>latioribus,</strong></span> <span class='ocrx_word' id='word_1_199' title='bbox 1499 4573 1738 4651; x_wconf 88' lang='lat' dir='ltr'><strong>terminatus.</strong></span> 
     </span>
    </p>
   </div>
   <div class='ocr_carea' id='block_1_12' title="bbox 219 4771 1774 5374">
    <p class='ocr_par' dir='ltr' id='par_1_12' title="bbox 219 4771 1774 5374">
     <span class='ocr_line' id='line_1_27' title="bbox 219 4771 1774 4873; baseline -0.003 -25"><span class='ocrx_word' id='word_1_200' title='bbox 219 4773 436 4849; x_wconf 74' lang='lat' dir='ltr'><strong>&#39;Cobotes</strong></span> <span class='ocrx_word' id='word_1_201' title='bbox 467 4773 578 4866; x_wconf 88' lang='lat' dir='ltr'><strong>alba,</strong></span> <span class='ocrx_word' id='word_1_202' title='bbox 604 4773 773 4871; x_wconf 71' lang='lat' dir='ltr'><strong>labiam,</strong></span> <span class='ocrx_word' id='word_1_203' title='bbox 800 4772 917 4851; x_wconf 90' lang='lat' dir='ltr'><strong>tubus</strong></span> <span class='ocrx_word' id='word_1_204' title='bbox 946 4798 1203 4873; x_wconf 85' lang='lat' dir='ltr'><strong>compressus,</strong></span> <span class='ocrx_word' id='word_1_205' title='bbox 1234 4771 1344 4871; x_wconf 88' lang='lat' dir='ltr'><strong>apice</strong></span> <span class='ocrx_word' id='word_1_206' title='bbox 1374 4774 1683 4873; x_wconf 88' lang='lat' dir='ltr'><strong>subpubescens,</strong></span> <span class='ocrx_word' id='word_1_207' title='bbox 1710 4793 1774 4844; x_wconf 91' lang='lat' dir='ltr'><strong>ca·</strong></span> 
     </span>
     <span class='ocr_line' id='line_1_28' title="bbox 291 4872 1772 4972; baseline -0.004 -23"><span class='ocrx_word' id='word_1_208' title='bbox 291 4874 377 4972; x_wconf 85' lang='lat' dir='ltr'><strong>lyce</strong></span> <span class='ocrx_word' id='word_1_209' title='bbox 399 4873 513 4971; x_wconf 90' lang='lat' dir='ltr'><strong>paulo</strong></span> <span class='ocrx_word' id='word_1_210' title='bbox 531 4872 663 4965; x_wconf 86' lang='lat' dir='ltr'><strong>altior3</strong></span> <span class='ocrx_word' id='word_1_211' title='bbox 685 4874 828 4950; x_wconf 91' lang='lat' dir='ltr'><strong>labium</strong></span> <span class='ocrx_word' id='word_1_212' title='bbox 848 4875 1020 4972; x_wconf 86' lang='lat' dir='ltr'><strong>superius</strong></span> <span class='ocrx_word' id='word_1_213' title='bbox 1041 4883 1236 4966; x_wconf 89' lang='lat' dir='ltr'><strong>erectum,</strong></span> <span class='ocrx_word' id='word_1_214' title='bbox 1256 4873 1451 4961; x_wconf 88' lang='lat' dir='ltr'><strong>obtusum,</strong></span> <span class='ocrx_word' id='word_1_215' title='bbox 1473 4872 1772 4970; x_wconf 88' lang='lat' dir='ltr'><strong>emarginatum.;</strong></span> 
     </span>
     <span class='ocr_line' id='line_1_29' title="bbox 291 4968 1774 5074; baseline -0.003 -27"><span class='ocrx_word' id='word_1_216' title='bbox 291 4973 450 5048; x_wconf 78' lang='lat' dir='ltr'><strong>inferius</strong></span> <span class='ocrx_word' id='word_1_217' title='bbox 475 4997 576 5071; x_wconf 84' lang='lat' dir='ltr'><strong>saepe</strong></span> <span class='ocrx_word' id='word_1_218' title='bbox 595 4971 764 5074; x_wconf 88' lang='lat' dir='ltr'><strong>longius,</strong></span> <span class='ocrx_word' id='word_1_219' title='bbox 797 4973 1001 5068; x_wconf 91' lang='lat' dir='ltr'><strong>trilobum,</strong></span> <span class='ocrx_word' id='word_1_220' title='bbox 1027 4973 1124 5048; x_wconf 89' lang='lat' dir='ltr'><strong>lobis</strong></span> <span class='ocrx_word' id='word_1_221' title='bbox 1146 4971 1311 5064; x_wconf 90' lang='lat' dir='ltr'><strong>obtusis,</strong></span> <span class='ocrx_word' id='word_1_222' title='bbox 1338 4972 1518 5072; x_wconf 83' lang='lat' dir='ltr'><strong>integris,</strong></span> <span class='ocrx_word' id='word_1_223' title='bbox 1546 4968 1774 5047; x_wconf 90' lang='lat' dir='ltr'><strong>intermedio</strong></span> 
     </span>
     <span class='ocr_line' id='line_1_30' title="bbox 293 5072 1774 5174; baseline -0.003 -27"><span class='ocrx_word' id='word_1_224' title='bbox 293 5073 473 5172; x_wconf 87' lang='lat' dir='ltr'><strong>longiore.</strong></span> <span class='ocrx_word' id='word_1_225' title='bbox 496 5073 667 5149; x_wconf 85' lang='lat' dir='ltr'><strong>Stamina</strong></span> <span class='ocrx_word' id='word_1_226' title='bbox 692 5074 918 5174; x_wconf 87' lang='lat' dir='ltr'><strong>didynama,</strong></span> <span class='ocrx_word' id='word_1_227' title='bbox 944 5073 1123 5167; x_wconf 88' lang='lat' dir='ltr'><strong>exclusa,</strong></span> <span class='ocrx_word' id='word_1_228' title='bbox 1150 5072 1410 5173; x_wconf 83' lang='lat' dir='ltr'><strong>divergentia,</strong></span> <span class='ocrx_word' id='word_1_229' title='bbox 1431 5073 1508 5147; x_wconf 92' lang='lat' dir='ltr'><strong>duo</strong></span> <span class='ocrx_word' id='word_1_230' title='bbox 1529 5083 1686 5145; x_wconf 83' lang='lat' dir='ltr'><strong>externa</strong></span> <span class='ocrx_word' id='word_1_231' title='bbox 1707 5095 1774 5143; x_wconf 87' lang='lat' dir='ltr'><strong>sae-</strong></span> 
     </span>
     <span class='ocr_line' id='line_1_31' title="bbox 292 5167 1774 5275; baseline -0.003 -30"><span class='ocrx_word' id='word_1_232' title='bbox 292 5197 341 5272; x_wconf 87' lang='lat' dir='ltr'><strong>pe</strong></span> <span class='ocrx_word' id='word_1_233' title='bbox 363 5173 502 5247; x_wconf 80' lang='lat' dir='ltr'><strong>corolla</strong></span> <span class='ocrx_word' id='word_1_234' title='bbox 524 5173 669 5250; x_wconf 90' lang='lat' dir='ltr'><strong>altiora.</strong></span> <span class='ocrx_word' id='word_1_235' title='bbox 702 5173 836 5251; x_wconf 92' lang='lat' dir='ltr'><strong>Pistilli</strong></span> <span class='ocrx_word' id='word_1_236' title='bbox 856 5174 976 5273; x_wconf 85' lang='lat' dir='ltr'><strong>stylus</strong></span> <span class='ocrx_word' id='word_1_237' title='bbox 997 5175 1112 5275; x_wconf 84' lang='lat' dir='ltr'><strong>longe</strong></span> <span class='ocrx_word' id='word_1_238' title='bbox 1132 5184 1325 5266; x_wconf 69' lang='lat' dir='ltr'><strong>exsertus,</strong></span> <span class='ocrx_word' id='word_1_239' title='bbox 1348 5171 1488 5272; x_wconf 86' lang='lat' dir='ltr'><strong>stigma</strong></span> <span class='ocrx_word' id='word_1_240' title='bbox 1508 5169 1680 5247; x_wconf 88' lang='lat' dir='ltr'><strong>bifidum.</strong></span> <span class='ocrx_word' id='word_1_241' title='bbox 1707 5167 1774 5242; x_wconf 89' lang='lat' dir='ltr'><strong>Se·</strong></span> 
     </span>
     <span class='ocr_line' id='line_1_32' title="bbox 294 5270 1299 5374; baseline -0.002 -26"><span class='ocrx_word' id='word_1_242' title='bbox 294 5271 397 5348; x_wconf 91' lang='lat' dir='ltr'><strong>mina</strong></span> <span class='ocrx_word' id='word_1_243' title='bbox 418 5283 581 5372; x_wconf 89' lang='lat' dir='ltr'><strong>quatuor</strong></span> <span class='ocrx_word' id='word_1_244' title='bbox 601 5285 714 5351; x_wconf 85' lang='lat' dir='ltr'><strong>ovata</strong></span> <span class='ocrx_word' id='word_1_245' title='bbox 735 5274 774 5354; x_wconf 91' lang='lat' dir='ltr'><strong>in</strong></span> <span class='ocrx_word' id='word_1_246' title='bbox 794 5273 911 5350; x_wconf 90' lang='lat' dir='ltr'><strong>lundo</strong></span> <span class='ocrx_word' id='word_1_247' title='bbox 932 5272 1071 5374; x_wconf 89' lang='lat' dir='ltr'><strong>calycis</strong></span> <span class='ocrx_word' id='word_1_248' title='bbox 1091 5270 1299 5349; x_wconf 86' lang='lat' dir='ltr'><strong>recondita.</strong></span> 
     </span>
    </p>
   </div>
   <div class='ocr_carea' id='block_1_13' title="bbox 242 5466 1776 5672">
    <p class='ocr_par' dir='ltr' id='par_1_13' title="bbox 242 5466 1776 5672">
     <span class='ocr_line' id='line_1_33' title="bbox 242 5466 1776 5573; baseline -0.005 -24"><span class='ocrx_word' id='word_1_249' title='bbox 242 5473 440 5549; x_wconf 74' lang='lat' dir='ltr'><strong>Hrnrrrr</strong></span> <span class='ocrx_word' id='word_1_250' title='bbox 465 5473 503 5548; x_wconf 93' lang='lat' dir='ltr'><strong>in</strong></span> <span class='ocrx_word' id='word_1_251' title='bbox 522 5472 710 5568; x_wconf 90' lang='lat' dir='ltr'><strong>dumetis,</strong></span> <span class='ocrx_word' id='word_1_252' title='bbox 731 5475 987 5573; x_wconf 87' lang='lat' dir='ltr'><strong>rupestribus,</strong></span> <span class='ocrx_word' id='word_1_253' title='bbox 1009 5475 1057 5550; x_wconf 93' lang='lat' dir='ltr'><strong>ad</strong></span> <span class='ocrx_word' id='word_1_254' title='bbox 1074 5471 1250 5551; x_wconf 90' lang='lat' dir='ltr'><strong>silvarum</strong></span> <span class='ocrx_word' id='word_1_255' title='bbox 1273 5473 1462 5573; x_wconf 86' lang='lat' dir='ltr'><strong>margines</strong></span> <span class='ocrx_word' id='word_1_256' title='bbox 1481 5479 1522 5544; x_wconf 92' lang='lat' dir='ltr'><strong>et</strong></span> <span class='ocrx_word' id='word_1_257' title='bbox 1543 5491 1653 5568; x_wconf 88' lang='lat' dir='ltr'><strong>sepes</strong></span> <span class='ocrx_word' id='word_1_258' title='bbox 1673 5466 1776 5542; x_wconf 89' lang='lat' dir='ltr'><strong>circa</strong></span> 
     </span>
     <span class='ocr_line' id='line_1_34' title="bbox 293 5570 1775 5672; baseline -0.001 -27"><span class='ocrx_word' id='word_1_259' title='bbox 293 5570 581 5648; x_wconf 88' lang='lat' dir='ltr'><strong>Conimbrleam</strong></span> <span class='ocrx_word' id='word_1_260' title='bbox 611 5585 653 5649; x_wconf 89' lang='lat' dir='ltr'><strong>et</strong></span> <span class='ocrx_word' id='word_1_261' title='bbox 674 5573 767 5650; x_wconf 92' lang='lat' dir='ltr'><strong>alibi</strong></span> <span class='ocrx_word' id='word_1_262' title='bbox 787 5575 993 5672; x_wconf 87' lang='lat' dir='ltr'><strong>praesertim</strong></span> <span class='ocrx_word' id='word_1_263' title='bbox 1021 5573 1060 5649; x_wconf 93' lang='lat' dir='ltr'><strong>in</strong></span> <span class='ocrx_word' id='word_1_264' title='bbox 1080 5571 1280 5648; x_wconf 88' lang='lat' dir='ltr'><strong>Lusitania</strong></span> <span class='ocrx_word' id='word_1_265' title='bbox 1302 5571 1455 5648; x_wconf 87' lang='lat' dir='ltr'><strong>boreali.</strong></span> <span class='ocrx_word' id='word_1_266' title='bbox 1483 5570 1613 5645; x_wconf 84' lang='lat' dir='ltr'><strong>Floret</strong></span> <span class='ocrx_word' id='word_1_267' title='bbox 1633 5578 1775 5644; x_wconf 79' lang='lat' dir='ltr'><strong>aestate.</strong></span> 
     </span>
    </p>
   </div>
   <div class='ocr_carea' id='block_1_14' title="bbox 264 5665 1774 5852">
    <p class='ocr_par' dir='ltr' id='par_1_14' title="bbox 264 5665 1774 5852">
     <span class='ocr_line' id='line_1_35' title="bbox 264 5665 1774 5848; baseline -0.005 -102"><span class='ocrx_word' id='word_1_268' title='bbox 264 5671 479 5848; x_wconf 37' lang='lat' dir='ltr'><strong>{mni}</strong></span> <span class='ocrx_word' id='word_1_269' title='bbox 511 5672 647 5751; x_wconf 87' lang='lat' dir='ltr'><strong>Planta</strong></span> <span class='ocrx_word' id='word_1_270' title='bbox 677 5673 909 5774; x_wconf 86' lang='lat' dir='ltr'><strong>amaricans,</strong></span> <span class='ocrx_word' id='word_1_271' title='bbox 934 5673 1126 5771; x_wconf 85' lang='lat' dir='ltr'><strong>subacris,</strong></span> <span class='ocrx_word' id='word_1_272' title='bbox 1153 5683 1262 5775; x_wconf 87' lang='lat' dir='ltr'><strong>grate</strong></span> <span class='ocrx_word' id='word_1_273' title='bbox 1284 5674 1421 5750; x_wconf 91' lang='lat' dir='ltr'><strong>odora:</strong></span> <span class='ocrx_word' id='word_1_274' title='bbox 1456 5670 1598 5748; x_wconf 85' lang='lat' dir='ltr'><strong>viribus</strong></span> <span class='ocrx_word' id='word_1_275' title='bbox 1629 5667 1678 5746; x_wconf 89' lang='lat' dir='ltr'><strong>ad</strong></span> <span class='ocrx_word' id='word_1_276' title='bbox 1709 5665 1774 5741; x_wconf 91' lang='lat' dir='ltr'><strong>Or.</strong></span> 
     </span>
     <span class='ocr_line' id='line_1_36' title="bbox 332 5799 1247 5852; baseline 0 -4"><span class='ocrx_word' id='word_1_277' title='bbox 332 5799 402 5848; x_wconf 78' lang='lat' dir='ltr'><strong>out.</strong></span> <span class='ocrx_word' id='word_1_278' title='bbox 472 5831 481 5852; x_wconf 92' lang='lat'>.</span> <span class='ocrx_word' id='word_1_279' title='bbox 1225 5799 1247 5848; x_wconf 88' lang='lat' dir='ltr'>z</span> 
     </span>
    </p>
   </div>
   <div class='ocr_carea' id='block_1_15' title="bbox 0 0 2903 7124">
    <p class='ocr_par' dir='ltr' id='par_1_15' title="bbox 0 0 2903 7124">
     <span class='ocr_line' id='line_1_37' title="bbox 0 0 2903 7124; baseline 0 0"><span class='ocrx_word' id='word_1_280' title='bbox 0 0 2903 7124; x_wconf 95' lang='lat' dir='ltr'><strong> </strong></span> 
     </span>
    </p>
   </div>
  </div>
 </body>
</html>
