4916 7110
805 537 1118 642 ausuram.
1153 610 1157 618 .
1647 547 1714 642 39

221 843 227 852 .
260 756 355 831 infra
386 754 555 831 medium
584 747 694 826 lineis
726 749 912 828 exalbidis
943 751 1107 828 arcuatis
1126 748 1299 849 pictum,
1328 751 1381 828 ad
1403 754 1565 832 nectarii
1598 759 1749 838 faucem

215 857 220 864 ’
260 853 421 932 crassius
441 865 482 930 et
502 849 557 928 ibi
578 849 724 927 duobus
745 849 910 926 minimis
930 851 1037 927 callis
1059 851 1172 926 suecis
1193 851 1325 928 nitidis
1349 864 1550 950 notatum,
1580 857 1750 957 triparti-

261 969 367 1048 tnm3
398 954 543 1032 laciniis
566 951 716 1027 duabus
748 951 968 1027 lateralibus
990 951 1150 1044 villosis,
1183 976 1232 1026 ex
1253 953 1358 1030 fusco
1389 951 1594 1042 viridibus.
1629 959 1750 1036 altera

261 1067 370 1154 parte
392 1065 566 1132 surrecta
587 1062 703 1130 acuta
723 1051 860 1128 conica
890 1063 932 1154 et
952 1051 1055 1128 intus
1076 1075 1268 1145 concava,
1294 1051 1417 1130 altera
1439 1053 1614 1131 deorsum
1644 1085 1752 1136 versa

261 1155 395 1232 latiore
426 1151 611 1254 profunde
641 1153 813 1246 sinuata,
840 1177 908 1226 seu
938 1151 1093 1244 biloba,
1118 1149 1208 1226 lobo
1231 1179 1304 1228 uno
1335 1156 1382 1228 ad
1404 1152 1554 1230 faucem
1587 1160 1751 1236 nectarii

200 1339 203 1347 ,
261 1257 404 1332 intorte
424 1265 627 1354 protenso;
660 1253 800 1328 lacinia
821 1253 948 1326 media
968 1263 1106 1344 ovata,
1138 1251 1322 1326 lateribus
1342 1253 1516 1328 deorsum
1544 1259 1751 1336 conniven-

262 1355 457 1442 terdenis,
477 1353 603 1444 flavis,
625 1352 863 1452 glabrisque,
883 1357 990 1451 (qum
1008 1352 1040 1426 si
1058 1375 1108 1427 ex
1131 1347 1316 1426 industria
1339 1353 1628 1451 expandantur,
1655 1359 1749 1435 laci·

262 1456 326 1532 nia
347 1467 441 1532 tunc
461 1453 641 1530 latissime
663 1463 778 1528 ovata
797 1453 986 1550 redditur)
1016 1451 1127 1550 apice
1149 1453 1285 1527 obtuso
1305 1451 1552 1551 integerrimo
1573 1481 1659 1532 cunr
1683 1484 1751 1557 ap·

262 1555 467 1654 pendicola
486 1579 631 1630 sursum
653 1578 783 1644 versa,
805 1555 1013 1648 subovata,
1039 1552 1125 1650 plus
1145 1551 1225 1627 lata
1246 1551 1360 1652 quam
1381 1553 1517 1654 longa,
1548 1581 1751 1636 mucrona-

218 1739 221 1746 ,
263 1673 326 1748 ta,
350 1657 471 1752 flava,
494 1677 640 1748 cressa,
663 1653 807 1753 glabra.

217 1857 345 1932 Seru.
372 1855 568 1932 filamenta
588 1853 663 1930 duo
684 1854 810 1946 lutea,
841 1852 1109 1952 sesquilineam
1132 1853 1210 1928 lere
1231 1852 1367 1954 longa,
1397 1853 1588 1955 singulum
1617 1855 1657 1934 in
1676 1859 1752 1936 sin·

264 1957 354 2056 gula
374 1955 554 2057 vaginula
574 1955 868 2031 membranacea
888 1951 1029 2029 sacculi
1051 1953 1265 2030 biloculeris
1286 1955 1376 2030 labii
1395 1951 1598 2053 superioris
1617 1970 1750 2036 necta·

264 2057 311 2132 rii
331 2057 596 2146 reconditum,
626 2065 668 2130 et
688 2054 879 2153 glandulae
902 2052 1089 2154 globosus,
1117 2055 1156 2128 in
1177 2054 1398 2130 summitate
1430 2056 1550 2131 faucis
1578 2058 1749 2157 ejusdem

264 2157 426 2232 nectarii
445 2157 552 2248 sitae,
574 2155 767 2230 insertum.
791 2153 964 2230 Anthere
988 2157 1156 2230 obovata
1175 2175 1241 2228 seu
1263 2156 1510 2249 subclevala,
1531 2157 1690 2258 simplex
1711 2162 1751 2236 in

266 2254 332 2352 sin,
355 2257 416 2330 ulo
442 2257 658 2344 filament03
690 2281 807 2354 grana
829 2255 999 2354 pollinis,
1029 2257 1133 2330 lente
1152 2259 1253 2348 visa,
1285 2256 1507 2332 racematim
1540 2271 1751 2360 congesta,

264 2283 391 2432 mobis
414 2355 583 2430 elasticae
605 2353 802 2453 pedicellia
824 2354 987 2432 minimis
1007 2356 1265 2450 adhaerentia,
1294 2356 1423 2451 lutea,
1455 2359 1661 2459 angulosa,
1683 2358 1752 2437 ob·

267 2465 405 2551 orata,
426 2455 610 2554 inaperta

221 2655 467 2749 Prsrrncun,
496 2654 753 2756 Pericarpium
777 2669 818 2732 et
839 2655 992 2733 Semina
1016 2656 1119 2732 utin
1141 2657 1304 2734 Genere.

218 2855 405 2932 Haemon·
430 2855 470 2930 in
489 2854 701 2947 Arrodrilo,
721 2859 824 2932 circa
845 2857 1028 2954 Setubal,
1048 2855 1286 2956 Olisiponem
1311 2867 1352 2934 et
1372 2856 1465 2932 alibi
1485 2856 1525 2934 in
1549 2857 1748 2938 Extrema-

269 2958 372 3033 dura.
396 2955 528 3032 Floret
549 2979 649 3033 vere.
674 2957 864 3034 Perennis.

220 3159 329 3233 Usus
354 3155 492 3232 radicis
511 3179 580 3254 pro
599 3155 723 3256 Salep.

222 3355 390 3434 Vsnrsr
416 3353 553 3467 petalis
574 3353 721 3434 albidis.
