5796 7174
789 554 794 562 -
904 519 1182 587 nonramm
1682 498 1771 594 151

146 717 153 744 ’“
241 796 246 802 ‚
337 710 384 784 ad
406 707 595 808 stigmatis
614 706 719 782 lobos
739 705 1045 803 snbpnbesccnsr,
1066 704 1151 803 pilis
1171 704 1370 799 brevibus,
1396 705 1551 805 sparsio,
1573 707 1682 805 apice
1705 709 1809 811 glan-

146 833 149 844 ·
336 811 516 884 dulileris.
537 807 683 904 Stigma
705 807 869 880 antheris
892 805 974 902 plus
995 806 1168 880 minusve
1188 805 1321 899 allius,
1344 829 1492 904 semper
1511 829 1639 882 versus
1659 808 1741 883 illas
1761 811 1810 888 in·

268 957 270 961 .
337 936 515 1001 curvum,
549 907 635 1005 pilis
666 904 892 980 brevissimis
922 907 980 979 vel
1012 905 1161 1002 punctis
1192 905 1587 1002 glanduloso-viscosis
1617 932 1810 1006 aspersum

337 1009 527 1098 bilobum,
558 1005 654 1080 iobis
675 1003 1090 1098 distantibuml'uscis,
1122 1002 1230 1100 apice
1252 1005 1388 1080 obtuso
1413 1005 1678 1098 crassioribus,
1706 1009 1810 1084 intus

336 1105 601 1206 planiusculis,
623 1115 733 1180 extus
754 1105 940 1179 convexis.

146 1323 152 1356 ¹
284 1309 475 1384 Caesena
506 1305 696 1404 oblonga,
720 1304 880 1386 obtusa,
911 1301 1120 1391 boberella,
1152 1302 1305 1400 glabra,
1335 1302 1596 1396 unilocularis‚
1631 1303 1819 1400 bivalvis,·

333 1407 503 1494 sirivalai,
525 1427 625 1501 sepe
643 1405 742 1500 stylo
765 1402 1217 1502 persistenti-'terminale
1240 1403 1392 1478 Semina
1418 1415 1461 1478 ul
1482 1405 1520 1480 in
1541 1405 1608 1478 Or.
1631 1403 1785 1482 barbula
1798 1437 1809 1502 ;

335 1506 536 1596 nonnulla,
559 1517 601 1579 et
620 1528 721 1602 sepe
742 1503 926 1596 ommam
945 1501 1244 1600 upicae'cap'snlis
1264 1503 1542 1600 superioribus,
1566 1505 1769 1583 abortiunt.

284 1706 473 1781 Hrmrar
499 1704 536 1778 in
558 1703 656 1804 agris
676 1703 791 1778 cultis
812 1712 852 1776 et
872 1661 1035 1777 incultis
1049 1725 1167 1803 prope
1186 1700 1430 1801 Olisiponem.
1453 1702 1582 1777 Floret
1604 1721 1700 1780 vere.
1726 1706 1806 1784 An-

335 1833 423 1880 uua.

290 2007 465 2180 Τυῖιίοῗεε
484 2004 593 2101 liujus
621 2021 653 2080 ct
682 2005 903 2107 sequentium
932 2005 1153 2105 specierum,
1181 2017 1219 2079 ul
1250 2005 1309 2080 illi
1332 2009 1632 2106 Asperuqorum‚
1664 2007 1805 2083 melicis

333 2133 351 2180 c
379 2130 462 2180 ues.
931 2121 935 2130 '
1000 2129 1004 2141 ·

284 2305 377 2380 Oss.
405 2303 544 2378 Colore
564 2301 754 2379 interdum
778 2299 900 2376 variat
921 2303 1002 2376 fere
1020 2300 1258 2393 latescente,
1282 2311 1323 2376 ei
1346 2311 1438 2375 lunc
1461 2301 1524 2378 vix
1545 2302 1721 2401 specifice
1742 2305 1807 2380 Or.

332 2402 495 2478 burbulae
516 2403 724 2495 dissimilis,
756 2400 825 2475 nisi
847 2401 925 2475 basi
945 2401 1149 2476 staminum
1172 2401 1352 2480 dilatata.
1379 2401 1621 2498 glandulosa,
1656 2415 1695 2478 et
1716 2429 1805 2480 con·

333 2503 487 2597 fluenti,
510 2514 553 2578 ul
573 2527 621 2576 ex
642 2501 918 2576 recentioribus
938 2501 1265 2576 observationibus
1288 2499 1379 2574 mihi
1398 2500 1575 2578 innotuit.
1599 2503 1665 2578 Or.
1690 2507 1806 2600 muju-

334 2604 371 2676 rc'
390 2602 462 2677 etsi
482 2602 591 2678 nimis
611 2602 749 2692 affinis,
783 2612 823 2674 et
844 2626 910 2698 pro
931 2601 1028 2675 illius
1048 2601 1233 2676 varietate
1255 2626 1276 2674 a
1297 2601 1418 2674 celeb.
1444 2599 1554 2678 Vahl.
1576 2601 1728 2695 habile,
1752 2617 1807 2681 al·

333 2715 464 2776 lamen
485 2702 568 2776 besl
587 2701 788 2776 staminum
810 2701 1003 2796 predicta,
1026 2719 1174 2774 necnon
1196 2700 1336 2773 corolla
1357 2700 1549 2798 rugosiorl,
1572 2702 1804 2800 crispatiori,

335 2802 496 2900 ejusque
517 2801 677 2877 crenulis
708 2802 791 2897 plus
811 2801 1060 2896 inaequalibus
1090 2803 1139 2874 ab
1161 2800 1225 2874 illa
1255 2799 1433 2896 specifice
1463 2799 1613 2875 differre
1640 2803 1802 2880 videtur.

335 2904 433 2975 Cum
449 2903 513 2978 Or.
523 2901 657 2998 soelida
679 2899 965 2975 Neclericorum
989 2899 1188 2997 conjunxi,
1211 2925 1297 2974 nam
1319 2899 1581 2976 essentialibus
1601 2897 1700 2976 nolis
1719 2928 1805 3001 spe·

336 2999 454 3075 cilicis
480 3027 565 3076 cum
588 3001 650 3075 illa
668 2999 899 3074 concordare
919 2998 1141 3092 verisimile,
1158 3024 1391 3098 ·quanquam
1412 2998 1528 3075 odore
1558 3024 1632 3076 non
1653 3001 1803 3099 fetido,

337 3102 443 3176 caule
466 3101 599 3198 unico,
621 3111 662 3177 et
683 3099 763 3178 aliis
782 3098 1134 3202 notisvarianlibus
1156 3099 1315 3176 differat.
