5860 7198
993 501 1272 582 nusruaurn.
1316 566 1319 572 ,
1772 479 1867 584 195

416 689 552 768 foliolis
574 687 735 790 patulis,
766 711 832 762 sex
855 686 902 762 ad
926 685 1084 781 decem,
1116 686 1513 783 lineari-lanceolatis,
1540 687 1710 788 margine
1732 699 1772 765 et
1795 693 1904 790 apice

419 787 779 887 trisuroo-spiuosis,
811 786 980 886 capitulo
1012 789 1248 888 aliquantum
1281 789 1536 891 longioribus3
1569 789 1619 863 ad
1641 813 1770 863 eorum
1799 793 1905 869 basin

417 905 510 968 setae
531 891 746 983 nonnullae,
768 888 924 990 rigidae,
948 901 1184 990 pungentes,
1208 889 1505 986 reflexiusculae,
1528 889 1742 988 interjectae
1762 901 1861 966 sunt.

368 1097 514 1171 Cauux
540 1114 733 1188 superus,
753 1087 1128 1188 quinquedentatus3
1160 1088 1342 1164 dentibus
1362 1089 1556 1178 oaeruleis,
1589 1084 1797 1181 subulatis,
1828 1116 1907 1166 nru-

419 1215 535 1268 crone
558 1191 762 1278 setil'orrni,
793 1189 1007 1286 spinuloso,
1041 1189 1277 1284 terminatis,
1308 1191 1470 1283 erectis,
1498 1191 1639 1264 corolla
1659 1189 1904 1290 longioribus,

418 1291 572 1374 Corolia
593 1299 708 1386 penta
737 1289 860 1380 elale,
891 1289 1026 1387 petalis
1047 1290 1403 1378 eaerulesoeutibus,
1434 1291 1619 1389 profunde
1641 1289 1907 1390 emarginatis,

418 1393 528 1490 apice
550 1314 818 1492 valdeinbexo.
840 1391 1013 1480 Stamina
1036 1389 1211 1482 totidem,
1236 1392 1438 1480 filameutis
1459 1391 1620 1484 exertis3
1649 1388 1817 1466 antherae
1838 1393 1907 1466 ob·

419 1493 566 1592 longae,
589 1489 824 1570 biloeulares.
840 1489 973 1580 pistilli,
995 1517 1152 1590 germen
1175 1495 1394 1584 oberratum,
1415 1491 1613 1570 striaturn:
1637 1489 1727 1590 styli
1747 1493 1823 1568 duo
1845 1517 1910 1568 ca·

418 1593 590 1691 pillares,
612 1589 852 1692 longitudine
872 1591 1097 1680 staminum:
1126 1593 1309 1693 stigmata
1330 1591 1528 1692 simplicia.

372 1794 558 1872 Fauc‘rus
582 1790 713 1884 calyce
734 1801 963 1886 coronatus,
985 1790 1234 1891 bipartibilis:
1255 1792 1398 1869 semina
1421 1795 1496 1869 duo
1519 1793 1703 1884 obovate,
1724 1789 1813 1866 hino
1835 1793 1906 1889 pla·

421 1919 493 1985 na,
516 1893 605 1967 inde
629 1895 860 1980 convexula‚
881 1893 1035 1984 striata,
1058 1904 1297 1990 exasperata,
1322 1919 1480 1993 quorum
1503 1918 1617 1968 unum
1641 1891 1750 1990 apice
1775 1892 1909 1968 triden-

422 2005 566 2078 tatum,
596 1991 836 2078 bidentaturn
856 1992 988 2084 eliud,
1019 2006 1213 2092 utrunque
1235 1994 1470 2094 marginibus
1491 1992 1747 2082 subsiliatum.
1782 1993 1909 2068 Rece-

422 2091 615 2192 ptaculum
638 2091 909 2185 subeonicurn,
931 2094 1178 2190 paleaoeum3
1202 2094 1320 2192 paleae
1344 2094 1662 2186 sublanceolatoe,
1686 2093 1910 2167 canalicula-

423 2207 498 2284 tae,
523 2191 758 2290 marginibus
779 2191 1058 2292 integerrime,
1083 2193 1194 2291 apice
1215 2193 1425 2294 simplices,
1450 2207 1707 2283 mucronatae,
1738 2216 1912 2291 pungen-

424 2303 504 2386 tes,
532 2292 655 2389 calyoi
678 2293 845 2391 aequales
871 2303 937 2369 aut
958 2293 1021 2368 vix
1042 2294 1241 2393 longiores.

375 2495 570 2580 Hanrrnr
596 2491 635 2566 in
656 2492 819 2574 collibus
839 2491 1020 2572 calcareis
1041 2491 1143 2568 circa
1164 2491 1428 2592 Olisiponem,
1451 2489 1762 2584 conimbricam,
1784 2499 1825 2569 et
1846 2489 1912 2566 ali·

425 2593 466 2668 bi
488 2593 526 2666 in
552 2591 665 2667 Beira
697 2603 738 2668 et
759 2593 1050 2668 Extremarlurn.
1088 2593 1221 2667 Floret
1247 2602 1392 2666 aestate.
1428 2591 1613 2666 Perenne.
1647 2591 1785 2666 Planta
1805 2591 1916 2666 nimis

427 2693 545 2769 affinis
568 2691 735 2794 Eryngio
754 2689 1017 2794 amethystina,
1049 2704 1089 2768 et
1110 2693 1237 2791 potius
1258 2691 1357 2768 illius
1378 2689 1575 2786 varietas,
1595 2689 1708 2790 qubm
1732 2690 1914 2767 distincta

427 2792 574 2896 speeies
595 2816 677 2868 esse
699 2791 859 2874 videtur.

381 2995 487 3074 Usus
514 2991 675 3094 ignotus.
