5752 7128
1312 517 1380 612 78
1860 526 2238 609 amoenamus

1284 721 1488 791 1“,”Ἰ
1722 777 1725 784 Ι
2057 730 2059 738 ·
2444 741 2445 748 t

1283 865 1288 874 ·
1689 845 1936 884 ”ἱτ..,
2225 843 2325 852 “’

1554 1145 1634 1161 ,..
1757 975 2067 1124 arnonus
2102 1037 2330 1116 nasonia.

1145 1387 1149 1397 -
1275 1339 1339 1414 Sr.
1367 1335 1560 1412 verticillis
1590 1335 1826 1429 maturioris,
1863 1337 2048 1436 supremis
2074 1339 2289 1441 contiguis3
2315 1337 2414 1414 soliis
2434 1338 2673 1414 radicalibus
2691 1340 2782 1440 petio

1323 1437 1434 1530 latis,
1463 1435 1837 1536 cordato-oblongis,
1865 1439 2156 1531 obtusiusculis,
2178 1438 2432 1538 superioribus
2451 1439 2669 1532 sessilibus,
2688 1455 2781 1516 orato

1326 1537 1569 1630 lanceolatis,
1597 1535 1866 1629 acutiusculis,
1894 1540 2070 1632 omnibus
2099 1541 2236 1627 obtuse
2264 1539 2451 1632 crenatis,
2483 1539 2659 1640 rugosis,
2687 1540 2779 1616 viridi-

1324 1638 1418 1730 bus,
1440 1637 1620 1735 utrinque
1643 1637 2021 1728 villosis„cruciatim
2044 1640 2244 1738 oppositis3
2268 1640 2376 1713 caule
2396 1643 2562 1738 superne
2589 1639 2728 1727 lanato;
2743 1665 2780 1714 ca·

1325 1737 1412 1838 lyce
1443 1737 1794 1836 quinquedentato,
1831 1739 2117 1836 subbilabiato,
2145 1739 2324 1815 dentibus
2354 1739 2777 1840 acuminato-spinulus,

1325 1837 1449 1913 tribus
1469 1837 1723 1935 superioribus
1742 1838 1957 1916 maioribus.

1277 2038 1340 2114 Su.
1364 2037 1593 2140 per-manica.
1620 2037 1726 2114 Brot.
1754 2038 1853 2115 Flor.
1875 2037 1999 2116 Lusit.
2019 2039 2130 2116 Tom.
2157 2053 2184 2114 t.
2205 2065 2292 2142 pag.
2319 2053 2397 2116 165.

1275 2237 1342 2311 Sr.
1369 2235 1607 2329 intermedia,
1635 2236 1831 2312 verticillis
1851 2238 2085 2330 multifloris3
2109 2240 2303 2339 calycibus
2325 2237 2679 2340 subpungentibus;
2707 2236 2776 2312 loliis

1327 2335 1522 2436 oblongis,
1548 2337 1805 2428 subcordatis,
1827 2341 2010 2434 crenatis3
2032 2339 2141 2414 caule
2162 2341 2392 2417 sublanato?
2415 2341 2556 2433 Aiton,
2581 2338 2774 2414 Hortllev.

1327 2436 1399 2510 vol.
1423 2452 1455 2511 2.
1478 2460 1566 2535 pag.
1590 2451 1674 2530 201,
1698 2449 1739 2512 et
1760 2437 1894 2512 Willd.
1917 2440 2026 2538 Spec.
2056 2440 2175 2516 Plant.
2200 2443 2271 2516 vol.
2296 2457 2328 2517 3.
2349 2465 2437 2542 pag.
2463 2455 2519 2514 99.
2543 2467 2580 2530 n.
2606 2455 2639 2512 7.

1278 2637 1557 2812 Ertlroprpnpu'tp
1577 2635 1846 2714 Lusitanritum.
1881 2639 1984 2716 Link
2014 2649 2054 2715 et
2077 2637 2217 2714 Hoffm.
2250 2639 2349 2716 Flor.
2375 2637 2498 2716 Lusit.
2528 2641 2643 2716 Tom.
2671 2650 2695 2711 t.
2712 2659 2772 2735 pag.

1353 2755 1373 2811 0
1403 2794 1410 2811 .
1452 2761 1472 2810 a
1504 2792 1511 2808 .
1563 2794 1571 2810 .

1870 2931 1914 2948 ”N-

1276 3139 1420 3214 Rnnrx
1445 3137 1529 3234 plus
1550 3133 1717 3208 minusve
1738 3156 1970 3231 perennans,
1993 3133 2161 3234 lignosa,
2184 3159 2344 3210 ramosa.

1275 3339 1428 3416 Cauris
1456 3359 1622 3426 annuus,
1648 3333 1856 3424 solitarius,
1883 3344 1949 3408 aut
1971 3333 2047 3411 duo
2069 3341 2193 3411 tresve
2220 3359 2268 3409 ex
2289 3333 2423 3410 eadem
2445 3333 2601 3428 radice,
2633 3341 2768 3420 erectus,

1324 3435 1470 3537 pedalis
1499 3437 1548 3511 ad
1569 3432 1777 3532 bipedalis,
1811 3434 1999 3510 interdum
2028 3458 2144 3532 prope
2175 3435 2282 3511 basin
2304 3435 2522 3511 brevissime
2545 3438 2722 3527 deflexus,
2743 3441 2769 3504 et

1324 3537 1378 3612 ibi
1400 3538 1535 3611 subtus
1556 3535 1818 3624 radicescens,
1840 3534 2024 3632 simplex,
2050 3559 2117 3608 seu
2139 3533 2287 3609 duobus
2308 3533 2357 3609 ad
2379 3547 2545 3634 quatuor
2567 3537 2674 3613 ramis
2691 3554 2770 3630 oppo

1324 3637 1405 3713 sitis
1426 3634 1640 3733 erectisque
1661 3632 1889 3726 instructus,
1911 3636 2050 3708 obtuse
2071 3633 2377 3734 quadrangulus,
2405 3635 2716 3735 quatlrisuleatus,
2733 3631 2769 3704 in·

1325 3748 1387 3814 tus
1407 3736 1572 3826 larctus,
1606 3731 1773 3808 medulla
1804 3734 1891 3808 alba
1917 3745 2031 3808 acute
2055 3734 2382 3834 quadrangulata,
2415 3736 2626 3830 virescens,
2656 3737 2769 3810 lanatus

1325 3835 1532 3936 prasertim
1554 3833 1736 3930 superne,
1760 3843 1801 3907 et
1821 3833 1920 3908 inter
1943 3833 2164 3925 verticillos,
2185 3833 2270 3933 pilis
2291 3857 2339 3909 ex
2359 3834 2468 3910 viridi
2489 3835 2649 3930 albidis,
2666 3827 2769 3931 torgis,

1327 3934 1476 4034 crispis,
1501 3932 1794 4026 multinodibus,
1820 3933 1924 4009 lente
1945 3935 2036 4009 satis
2055 3945 2287 4033 augescente
2309 3933 2407 4011 visis.
2799 3943 2802 3959 '

1277 4135 1407 4212 Fonrn
1436 4131 1616 4210 radicalia
1646 4129 2021 4234 cordato-oblonga,
2053 4133 2317 4211 obtusiuscula
2337 4123 2354 4230 ,'
2379 4136 2596 4251 obtusaque
2626 4139 2767 4218 arenata,

1326 4249 1491 4334 quatuor
1512 4234 1560 4308 ad
1580 4259 1647 4308 sex
1669 4232 1800 4308 uncias
1820 4233 1956 4333 longa,
1983 4234 2265 4333 sesquiunciam
2286 4234 2335 4320 ad
2354 4245 2431 4310 tres
2454 4263 2587 4313 uncias
2606 4257 2712 4336 prope
2729 4232 2769 4324 ba·

1324 4337 1381 4412 sin
1402 4336 1504 4423 lata,
1529 4334 1725 4426 coriacea,
1752 4359 1911 4432 rugosa,
1940 4357 2101 4430 venosa,
2127 4357 2240 4432 supra
2269 4345 2437 4410 saturate
2468 4336 2626 4428 viridia,
2655 4344 2691 4409 et
2709 4333 2769 4405 bre·

1325 4436 1436 4510 vibus
1458 4433 1540 4532 pilis
1562 4443 1798 4525 tomentosa,
1823 4434 1957 4510 subtus
1978 4433 2099 4510 dilutc
2123 4433 2254 4510 viridia
2280 4445 2321 4510 et
2343 4435 2427 4536 pilis
2447 4436 2674 4536 longioribus
2691 4429 2770 4506 villo·

1325 4561 1367 4610 sa
1378 4594 1390 4630 ,
1416 4534 1627 4634 petiolata,
1649 4531 1790 4631 petiolo
1809 4535 2087 4633 sesquiunciam
2109 4536 2156 4610 ad
2170 4543 2245 4610 tres
2266 4537 2397 4610 uncias
2417 4536 2478 4610 lon
2508 4561 2543 4627 o,
2564 4539 2691 4612 subtus
2706 4551 2770 4604 con·

1324 4661 1442 4728 vexo,
1469 4631 1580 4731 suprd
1602 4633 1877 4727 eonaliculato,
1900 4633 2068 4732 undique
2092 4635 2220 4709 lanato
2233 4663 2243 4727 ;
2266 4634 2397 4712 infima
2417 4563 2537 4710 canite
2555 4635 2703 4720 similia,
2721 4624 2770 4700 sed

1325 4736 1492 4826 minora,
1514 4733 1743 4832 breviusque
1764 4733 1948 4831 petiolata
1959 4758 1970 4824 3
1992 4733 2138 4834 reliqua
2158 4735 2286 4810 omnia
2305 4735 2470 4829 senilia,
2491 4733 2770 4837 ovato-oblongo

1322 4861 1391 4910 seu
1410 4833 1775 4927 ovato-lanceolata,
1797 4833 2057 4928 acutiuscula,
2078 4834 2251 4910 similiter
2270 4836 2407 4910 obtuse
2427 4847 2605 4927 crenata,
2629 4845 2667 4908 et
2680 4841 2768 4904 utru-

1318 4958 1402 5036 que
1422 4935 1575 5029 villosa,
1601 4932 1737 5008 sensim
1759 4957 1887 5008 versus
1907 4935 2112 5010 floriferum
2136 4935 2254 5010 caulis
2283 4947 2325 5012 et
2344 4961 2534 5012 ramorum
2566 4936 2703 5035 apicem
2721 4926 2766 5000 de·

1270 5029 1275 5041 '
1324 5034 1561 5128 crescentia,
1588 5045 1629 5110 et
1650 5032 1881 5110 decussatim
1902 5034 1987 5110 sita.

1275 5236 1523 5312 Vnnrrcrnnr
1550 5233 1700 5310 caulem
1724 5243 1907 5336 etramos
1928 5235 2195 5328 terminantes,
2226 5233 2421 5312 inferiores
2441 5235 2602 5328 remoti,
2631 5223 2767 5336 superin-

1321 5360 1383 5412 res
1412 5336 1546 5411 stricte
1578 5333 1829 5433 approximati
1860 5345 1901 5410 et
1932 5341 1971 5410 in
1994 5337 2110 5436 spicae
2138 5337 2296 5411 sormam
2329 5335 2523 5434 dispositi,
2553 5326 2767 5411 subrotundt,

1323 5435 1442 5512 dense
1472 5434 1697 5526 multiflori,
1733 5435 1886 5509 floribus
1916 5435 2108 5512 sessilibus
2137 5437 2329 5512 sexdecim
2363 5435 2411 5511 ad
2440 5436 2577 5536 viginti
2607 5447 2647 5510 et
2675 5429 2767 5508 ultra,

1323 5535 1626 5610 omnesduobus
1648 5533 1747 5609 loliis
1767 5533 1950 5634 oppositis
1969 5535 2135 5628 suffulti,
2169 5535 2419 5611 circumcirca
2444 5549 2485 5611 et
2505 5537 2605 5612 intus
2627 5535 2767 5634 bractea·

1326 5635 1367 5711 ti.
1391 5633 1497 5712 Folia
1518 5633 1714 5714 verticillis
1735 5633 1929 5742 longiora,
1955 5636 2041 5736 plus
2062 5635 2237 5714 minusve
2257 5637 2418 5732 reflexa,
2440 5648 2586 5732 ovata„
2600 5642 2727 5722 acuta,
2741 5643 2768 5694 1¹1
