4916 7110
712 590 994 662 ausrutrvrm.
1518 573 1577 663 tl

85 976 222 1072 Rtplx
247 980 411 1064 bubone
427 1001 663 1078 sperennans;
691 977 829 1054 bulbus
858 978 926 1077 (in
947 977 1161 1054 autumnali
1180 979 1320 1078 plantae
1341 979 1517 1080 anthesi)
1548 979 1617 1058 du-

134 1088 321 1187 plicatus,
355 1079 452 1158 alius
472 1072 622 1153 scilicet
646 1076 709 1151 alii
732 1079 907 1152 insidens.
940 1077 1020 1160 Qui
1039 1079 1341 1178 subterpositus,
1370 1105 1437 1155 seu
1459 1081 1526 1181 qui
1548 1107 1617 1156 au-

137 1199 272 1264 tumno
293 1177 493 1282 superioris
513 1177 601 1252 anni
626 1201 673 1250 ex
695 1178 771 1251 alio
794 1177 1007 1274 prodierat,
1038 1179 1155 1252 maior
1176 1179 1285 1254 nucis
1306 1181 1513 1256 avellaneae
1537 1185 1617 1258 lere

135 1285 422 1389 magnitudine,
448 1277 734 1376 quamplurimis
753 1277 890 1352 tunicis
910 1275 1151 1376 squamisque
1171 1277 1302 1371 siccis,
1336 1306 1422 1379 quae
1443 1283 1530 1355 olim
1554 1307 1618 1356 va*

137 1389 310 1488 ginarum
333 1395 374 1460 et
393 1379 564 1457 foliorum
587 1379 693 1452 bases
713 1379 884 1468 fuerant,
906 1377 1141 1467 reticulatis,
1165 1403 1212 1452 ex
1223 1379 1333 1454 viridi
1352 1381 1484 1474 fulvis,
1507 1383 1618 1458 obte-

139 1497 247 1578 ctus,;
274 1484 404 1562 harum
427 1492 595 1554 externus
616 1476 977 1570 laxiores,·crassibs
998 1477 1162 1564 libratae,
1186 1477 1258 1551 filis
1277 1479 1430 1569 laceris3
1463 1481 1618 1556 interio-

138 1611 199 1662 res
219 1585 343 1662 minba
361 1584 526 1670 lacerae,
544 1575 760 1667 tenuiores,
782 1601 939 1674 quarum
956 1576 1091 1652 intima
1110 1576 1298 1670 maxima,
1320 1579 1500 1655 umbilico
1520 1581 1618 1655 basi-

138 1685 207 1762 lari
228 1683 334 1760 bulbi
360 1679 575 1766 adhaerens,
607 1675 690 1750 aliae
711 1674 856 1749 inverse
887 1675 1275 1771 infundibulilormes,
1307 1680 1442 1754 sensim
1474 1706 1619 1756 sursum

140 1786 269 1860 versbs
288 1781 474 1871 minores,
500 1775 604 1851 bulbi
623 1775 768 1850 lineolis
788 1775 981 1850 circinatis
1002 1780 1142 1878 pariter
1161 1777 1296 1852 sensim
1319 1780 1545 1874 minoribus,
1567 1781 1620 1855 le-

142 1884 291 1959 vissime
313 1879 481 1959 adhaesae.
504 1876 671 1964 Bulbus,
694 1875 871 1952 omnibus
891 1875 966 1953 suis
986 1875 1125 1950 tunicis
1145 1875 1255 1950 siccis
1275 1877 1516 1968 denudatus,
1550 1881 1621 1956 n'ri-

142 2009 211 2060 nor
237 1981 350 2081 qndm
382 1980 420 2052 in
440 1977 577 2067 sativo,
609 1975 771 2067 solidus,
802 1999 871 2048 seu
904 1975 1181 2070 tuberilorrnis,
1214 1979 1419 2068 rotundus,
1455 1991 1620 2079 quatuor

139 2084 362 2182 quinqueve
382 2078 567 2152 linearum
588 2075 799 2165 diametro,
820 2075 983 2171 desuper
1007 2077 1223 2172 depressus,
1244 2077 1283 2151 in
1304 2081 1428 2154 medio
1449 2095 1619 2176 cavatus,

140 2181 293 2263 lineolis
308 2177 493 2254 rublulvis
519 2174 728 2250 circulatim
752 2174 885 2270 pictis,
916 2199 1058 2250 sursum
1083 2178 1209 2249 versus
1231 2179 1367 2252 senaim
1391 2180 1619 2272 minoribus,

142 2293 184 2356 et
205 2279 312 2380 quasi
333 2276 578 2364 internodiis,
600 2275 826 2361 distinctus3
846 2273 1034 2350 interdum
1057 2276 1104 2348 a'd
1118 2276 1198 2373 ejus
1218 2277 1338 2351 latera
1358 2303 1470 2354 unam
1492 2281 1622 2356 aliam-

142 2406 190 2455 ve
210 2403 396 2482 gemmam
420 2375 637 2466 minimam,
659 2397 727 2448 seu
747 2375 947 2450 bulbulum
969 2375 1235 2468 articulatum,
1256 2377 1454 2454 emittens:
1477 2380 1622 2454 inferne

141 2481 371 2578 subplanus,
404 2476 599 2574 permultis
620 2474 714 2549 albis
733 2473 909 2549 radiculis
931 2474 1076 2548 librosis
1096 2475 1133 2548 in
1155 2477 1284 2550 orbem
1308 2495 1501 2574 pertusus,
1532 2505 1622 2554 cen·

142 2591 203 2657 tro
226 2577 492 2667 umbilicatus,
513 2576 646 2674 ibique
668 2573 835 2648 funiculo
856 2574 1020 2672 quodam
1044 2575 1150 2648 brevi
1169 2576 1272 2650 sicco
1292 2577 1524 2667 instructus,
1549 2580 1622 2653 boc

143 2679 272 2756 bulbis
294 2676 487 2752 veteribus
519 2675 691 2752 exsuccis
721 2675 1000 2772 emortuisque,
1026 2676 1096 2748 sub
1117 2673 1348 2752 lamellarum
1368 2679 1621 2754 rotundarum

145 2777 375 2880 nigrantium
396 2777 517 2854 lormd
535 2777 609 2852 sibi
628 2774 853 2875 suppositis,
881 2775 966 2850 laxe
987 2775 1211 2873 conjunctus
1232 2785 1299 2851 est.

96 2931 259 3058 linteus
285 2979 566 3079 superpositus,
587 3003 654 3054 seu
676 3003 806 3072 novus,
827 2978 1091 3078 subglobosus,
1113 2975 1234 3052 Viciae
1255 2978 1385 3055 sativae
1409 3003 1527 3080 grano
1548 2982 1626 3076 (tu··

146 3081 242 3158 nicis
262 3080 502 3180 supputatis)
522 3079 771 3178 subaequalis,
802 3079 840 3154 in
863 3079 968 3154 bulbi
988 3078 1232 3176 subterpositi
1263 3079 1463 3154 cavatione
1496 3081 1624 3154 termi-

145 3181 224 3256 nali
244 3183 322 3256 fere
342 3179 608 3270 semiclausus,
632 3180 801 3278 ejusdem
825 3181 973 3254 fibrosis
992 3177 1178 3254 fasciculis
1199 3178 1429 3254 neutralibus
1451 3178 1625 3271 adnatus,

143 3279 354 3378 squamulis
373 3278 507 3369 siccis,
529 3278 682 3370 rosulis,
705 3278 904 3370 brevibus,
930 3277 1071 3368 ovatis,
1093 3278 1236 3372 acutis,
1263 3278 1536 3378 iuaeqnalibus,
1569 3279 1625 3353 la-

146 3382 225 3472 xis,
250 3379 340 3454 soris
360 3378 590 3468 obvallatus,
617 3377 773 3454 basibus
798 3402 978 3452 novarum
999 3377 1219 3476 vaginarum
1250 3377 1503 3476 foliorumque
1535 3379 1626 3454 albi·

149 3481 207 3556 dis
226 3479 443 3573 tunicatus,
465 3478 624 3554 centrali
641 3489 749 3576 parte
769 3478 926 3577 parvuld
944 3475 1086 3552 solidus
1097 3535 1108 3572 ,
1130 3477 1262 3578 ibique
1282 3479 1498 3577 scapilerus.

99 3679 378 3758 Vacrnm'basi
398 3678 482 3758 novi
500 3679 632 3771 bulbi,
653 3678 845 3777 simulque
864 3676 1111 3776 subterpositi
1131 3677 1231 3776 apici
1251 3679 1424 3770 adnatae3
1455 3677 1538 3756 aliae
1561 3703 1627 3753 ex·

151 3782 405 3872 traloliaceae,
429 3778 695 3855 intrafoliaceae
716 3779 811 3854 aliae.
836 3777 1035 3860 Quaefolia
1055 3779 1235 3876 cingunt,
1257 3793 1422 3878 quatuor
1441 3779 1628 3878 quinque-

149 3905 220 3973 ve,
251 3881 575 3972 membranaceae,
618 3879 827 3972 tubulosae,
864 3879 973 3976 apice
1005 3877 1159 3975 oblique
1190 3889 1401 3966 truncatae,
1435 3903 1625 3973 nervosae,

151 3982 317 4080 glabras,
348 3980 556 4069 exalbidae,
585 4002 669 4054 sese
691 3989 826 4054 mutuo
846 3976 1076 4053 imbricatim
1101 3977 1356 4070 involventes,
1388 3979 1523 4054 sensim
1548 4003 1628 4053 sur-

150 4106 230 4156 sum
262 4081 392 4156 versius
421 4080 638 4180 longiores,
669 4102 843 4176 suprema
875 4075 1107 4167 biuncialis,
1138 4080 1275 4153 obtusa
1306 4103 1392 4153 cum
1425 4101 1629 4170 mucrone,

151 4181 308 4274 striata,
331 4179 426 4254 loliis
447 4179 652 4254 etfloribus
670 4179 828 4254 brevior.
849 4177 949 4262 Quae
961 4178 1061 4252 intra
1080 4178 1171 4252 solia
1192 4189 1252 4254 tot
1272 4189 1369 4276 quot
1390 4179 1517 4276 scapi,
1539 4189 1631 4290 qu'os

153 4279 335 4378 cingunt,
357 4279 635 4355 extrafoliaceis
653 4279 816 4372 similes,
847 4278 915 4353 sed
936 4277 1151 4371 tenuiores,
1182 4277 1405 4365 albissimae,
1437 4301 1635 4374 acumina-¹

152 4387 225 4469 tre,
257 4379 379 4476 scapis
400 4380 603 4478 pistillique
634 4379 805 4480 germine
828 4377 1039 4477 longiores,
1072 4377 1207 4474 spatha
1229 4388 1357 4452 tamen
1387 4378 1487 4453 floris
1519 4377 1631 4450 valde

151 4477 354 4552 breviores.
378 4479 597 4569 Interdum,
628 4505 714 4554 curn
737 4479 813 4554 dno
837 4487 960 4553 tresve
980 4480 1090 4552 liores
1116 4502 1164 4552 ex
1184 4479 1304 4553 bulbo
1324 4479 1532 4576 prodeunt,
1567 4501 1632 4550 va·

152 4578 243 4678 gina
263 4578 522 4652 intraloliaeea
552 4577 717 4652 exterior
745 4603 855 4652 suum
882 4577 1072 4676 proprium
1105 4601 1260 4674 scapum
1296 4587 1336 4651 et
1356 4576 1510 4651 insimul
1542 4575 1633 4652 alias

153 4679 375 4776 (secundam
399 4677 658 4776 tertiamque)
680 4679 835 4776 vaginas
856 4701 943 4751 cum
964 4675 1042 4752 suis
1062 4676 1184 4774 scapis
1205 4676 1363 4776 propriis
1384 4676 1516 4776 cingit.

106 4878 233 4956 Fotis
259 4878 461 4976 saepissime
491 4901 558 4954 sex
579 4887 814 4978 quatuorve,
845 4875 1029 4952 rarissime
1061 4874 1155 4968 tria,
1189 4875 1383 4974 quinque,
1414 4885 1632 4972 septemve,

154 4978 275 5055 solido
295 5004 393 5054 novo
413 4980 532 5055 bulbo
553 4978 715 5068 adnata,
736 4977 845 5052 simul
866 5001 952 5050 cum
975 4976 1130 5050 floribus
1152 4975 1404 5073 prodeuntia,
1435 4986 1475 5050 et
1496 4975 1634 5049 sensim

154 5101 238 5153 sese
258 5079 496 5177 elongantia,
518 5080 671 5179 glabra,
693 5077 848 5166 viridia,
869 5103 998 5150 versus
1019 5074 1126 5151 basin
1148 5075 1298 5165 albida,
1318 5075 1493 5164 linearia,
1520 5099 1633 5148 unam

154 5178 316 5272 lineam,
338 5179 401 5254 vix
423 5181 540 5268 ultra,
566 5179 667 5268 lata,
690 5199 807 5274 prope
828 5175 973 5273 apicem
998 5178 1239 5276 angustiora,
1263 5174 1299 5248 in
1323 5199 1370 5248 eo
1392 5173 1634 5249 obtusiuscu-

155 5279 214 5366 la3
250 5281 362 5377 supra
392 5280 431 5354 in
452 5279 578 5354 medio
607 5276 955 5366 subcaualiculata,
987 5287 1105 5374 atque
1137 5277 1236 5348 linea
1269 5273 1397 5349 albida
1429 5272 1634 5373 longitudi-

155 5377 293 5452 naliter
323 5390 478 5471 notata,
508 5379 693 5454 lateribus
716 5374 988 5476 marginalibus
1021 5375 1190 5474 utrisque
1226 5373 1497 5472 integerrima,
1530 5375 1635 5447 lente

156 5487 287 5552 tamen
308 5479 386 5554 visa
407 5479 588 5555 aculeolis
609 5475 771 5554 minimis
792 5476 962 5551 mollibus
982 5473 1258 5572 hyalinisvagis
1279 5473 1412 5572 ibique
1434 5473 1635 5564 instructa;

157 5581 292 5652 subtus
318 5579 509 5666 histriata,
540 5605 606 5654 seu
627 5575 847 5651 canaliculis
879 5574 975 5650 binis
996 5585 1154 5648 exarata
1179 5573 1255 5666 ita,
1291 5585 1333 5648 ut
1354 5575 1443 5649 inde
1464 5575 1637 5648 revoluta

158 5677 380 5853 vpdeanppr,
410 5681 517 5757 costa
539 5679 650 5756 valde
673 5702 908 5776 compressa,
945 5675 1124 5774 utrinque
1146 5673 1305 5751 dilatata
1335 5685 1375 5750 et
1397 5674 1504 5776 quasi
1525 5675 1636 5748 alata.

197 5805 265 5853 om.
336 5839 344 5856 .
1085 5800 1109 5848 r.
