5752 7128
1193 536 1260 626 80
1736 552 2112 626 PHY'I'OGRAPHIA

1157 740 1344 816 Huorrsr
1370 738 1410 816 in
1427 739 1634 833 calcaneis,
1667 737 1715 817 sd
1744 739 1819 814 ima
1840 740 2017 829 collium,
2047 745 2091 812 et
2120 761 2281 837 aggeres
2310 735 2413 814 circo
2432 737 2695 838 Olisiponem,

1206 839 1551 1018 fflrnlbgirceffiiset
1570 838 1664 916 aiibi
1684 841 1724 914 iu
1743 837 2026 917 Extremedurs
2054 845 2097 912 et
2118 837 2242 916 Beira.
2264 837 2396 916 Floret
2415 838 2524 916 Maio
2549 839 2600 915 ad
2619 839 2693 916 Ju-

1154 1125 1279 1216 Ooos
1300 1141 1494 1240 ingratus;
1514 1162 1624 1240 sopor
1642 1138 1779 1217 leviter
1798 1139 2046 1240 adstringens.
2066 1137 2169 1214 Usus
2187 1137 2360 1240 ignotus.

1155 1339 1246 1413 Oss.
1273 1338 1399 1414 Nimis
1419 1337 1538 1417 affinis
1559 1336 1688 1412 Stach.
1699 1339 1939 1514 dqermom'cre
1969 1349 2012 1414 et
2031 1339 2190 1431 lunato,
2219 1347 2260 1414 et
2281 1337 2410 1414 medio
2439 1338 2541 1416 inter
2561 1341 2684 1440 ipses3

1203 1438 1332 1514 differt
1352 1465 1375 1514 e
1397 1437 1516 1536 prime
1537 1437 1637 1512 foliis
1655 1464 1696 1512 rs
1725 1437 1888 1514 icslibus
1911 1463 2062 1538 semper
2081 1437 2269 1531 cordatis,
2302 1440 2540 1532 nocuistis,
2568 1465 2684 1540 supe·

1199 1538 1367 1614 rioribus
1387 1539 1564 1614 omnibus
1582 1537 1720 1614 obtuse
1749 1538 1936 1634 cremetis,
1966 1563 2040 1614 neo
2059 1538 2212 1614 serratis
2244 1563 2313 1614 seu
2334 1543 2530 1616 serraturis
2560 1543 2684 1616 ocutis

1202 1637 1434 1738 imbricatis,
1466 1639 1642 1712 acumine
1666 1637 1923 1736 calyoinorum
1954 1640 2124 1714 dentium
2156 1637 2328 1738 longiore
2360 1650 2401 1713 et
2425 1640 2680 1737 flavescente,

1205 1736 1357 1838 insuper
1376 1737 1466 1837 quio
1495 1763 1543 1814 ex
1565 1737 1702 1814 clariss
1723 1737 1824 1814 Liuk
1850 1738 1995 1814 hiemes
2014 1738 2251 1839 germanicos
2281 1764 2356 1818 nou
2377 1739 2472 1816 fert:
2503 1739 2628 1816 differt
2658 1767 2684 1816 a

1205 1838 1334 1914 lanuto
1353 1837 1488 1912 habitu
1519 1837 1644 1912 miuus
1674 1838 1804 1914 lanuto
1834 1848 1876 1913 et
1899 1839 2006 1913 vaide
2028 1837 2153 1914 minus
2185 1837 2369 1932 candido,
2401 1837 2575 1916 caulibus
2599 1841 2682 1915 basi

1200 1961 1281 2013 nou
1301 1936 1664 2036 procumbentibus,
1696 1937 1798 2014 soliis
1817 1937 2048 2016 radiculibus
2073 1937 2238 2014 cordatis
2261 1963 2333 2014 uec
2354 1939 2681 2016 ovato-lanceola-

1203 2035 1280 2129 tis‚
1301 2037 1557 2138 superioribus
1577 2063 1652 2112 nou
1672 2038 1914 2132 loueeoletis,
1936 2063 2009 2114 nec
2031 2037 2210 2138 utrinque
2230 2037 2420 2114 albissimo
2440 2039 2598 2130 iuuetis,
2619 2065 2683 2114 co-

1199 2135 1295 2233 iycis
1317 2137 1495 2214 dentibus
1514 2163 1590 2212 non
1612 2138 1791 2212 brevibus
1809 2139 2139 2229 submucronatis,
2161 2137 2203 2212 et
2222 2139 2372 2212 coroiiae
2392 2139 2495 2214 labio
2517 2139 2681 2238 superio

1203 2237 1237 2310 ri
1258 2237 1516 2336 emarginato‚
1543 2260 1617 2310 nec
1636 2235 1891 2336 integerrimo.
1924 2237 2084 2338 Stochys
2104 2237 2319 2314 intermedu
2345 2236 2464 2313 Aitou
2484 2243 2610 2336 potius
2630 2239 2684 2316 ed

1202 2332 1302 2411 benc
1323 2347 1511 2437 nostram,
1534 2334 1648 2438 quim
1669 2338 1718 2416 od
1735 2337 1991 2443 normanicam
2011 2351 2053 2416 et
2073 2335 2240 2417 iunctum
2259 2337 2458 2416 referende
2479 2339 2643 2418 videtur.
