4916 7110
800 623 1113 699 *cnsurnrn
1174 672 1178 680 .
1650 596 1715 701 87

220 814 426 901 Nscrsan
452 811 595 898 labium
616 813 809 918 superius,
837 839 907 892 seu
930 818 1105 892 columna
1131 813 1346 918 gyuandra,
1373 835 1606 912 concavum,
1636 822 1750 896 obtu-

268 949 350 1000 sum
373 947 459 998 curn
481 921 652 996 obsoleta
672 917 976 1017 emarginatura,
997 916 1138 1010 viride,
1162 917 1297 1016 petalis
1316 917 1473 993 internis
1493 918 1652 994 dimidio
1675 924 1751 995 bre

271 1023 363 1098 vius.
385 1021 552 1098 Labium
575 1018 730 1094 inferius
750 1043 850 1092 nunc
871 1016 1042 1116 germine
1063 1017 1239 1110 brevius,
1270 1043 1370 1092 nunc
1391 1018 1542 1118 aequale
1569 1030 1637 1094 aut
1657 1043 1750 1119 pau-

270 1123 306 1196 lo
328 1123 496 1223 longius,
527 1120 760 1219 oblongum,
791 1118 1022 1194 obovatum.
1054 1117 1259 1209 trilobum,
1285 1117 1422 1192 lobulis
1442 1118 1617 1194 omnibus
1638 1123 1751 1195 obtu-

271 1222 342 1314 sis,
363 1220 598 1313 subvillosis‚
625 1217 918 1309 reflexiusculis,
933 1215 1081 1310 loson,
1102 1218 1168 1290 orb
1185 1241 1253 1292 seu
1272 1217 1374 1292 linea
1395 1219 1595 1320 marginali
1617 1222 1753 1296 obson-

269 1347 312 1397 re
344 1320 561 1412 coccineis,
594 1319 746 1394 duobus
775 1318 996 1392 lateralibus
1026 1317 1297 1412 brevioribus,
1328 1318 1556 1392 intermedio
1586 1320 1752 1414 latiore,

273 1433 389 1498 acute
409 1419 642 1520 marginata,
667 1417 1030 1515 inappendiculato,
1061 1441 1174 1515 supra
1204 1417 1374 1492 emedio
1406 1417 1511 1491 disco
1543 1443 1669 1517 usque
1702 1421 1751 1496 ad

238 1569 243 1578 ·
271 1523 423 1598 faucem
446 1522 593 1598 duabus
623 1517 783 1594 maculis
812 1518 934 1617 longis
954 1517 1076 1592 dilate
1107 1516 1222 1592 luscis
1247 1516 1387 1617 glabris
1407 1528 1561 1608 notato,
1596 1530 1637 1593 et
1658 1545 1751 1595 non-

231 1685 236 1692 .
265 1626 466 1721 'nunquam
487 1620 602 1696 etiam
630 1617 714 1692 aliis
733 1616 828 1692 albis
852 1628 919 1691 aut
939 1616 1223 1707 subcoccineis;
1251 1641 1368 1715 prope
1389 1618 1535 1692 faucem
1560 1620 1752 1695 canalicu-

272 1721 374 1812 lat03
401 1723 538 1798 subtus
558 1718 690 1810 viridi,
711 1717 846 1817 glabro
868 1729 909 1791 et
928 1719 1000 1791 sub
1021 1717 1135 1791 sance
1156 1717 1303 1792 duobus
1324 1717 1426 1791 callis
1447 1718 1642 1794 instructo.

224 1920 440 1997 sasamon
476 1921 671 1996 filamenta
701 1916 811 2009 duo,
844 1915 1004 1992 totidem
1037 1918 1185 1992 cellulis
1213 1917 1382 1993 nectarii.
1405 1917 1546 1993 labium
1578 1919 1753 2018 superius

181 2041 184 2052 ·
275 2021 595 2096 constituentibus
615 2018 780 2106 inclusa,
809 2017 936 2110 lutea,
963 2018 1100 2092 lineam
1128 2018 1262 2118 longa,
1294 2019 1442 2092 duobus
1463 2018 1652 2120 glandulis
1671 2021 1752 2120 glo·

274 2119 399 2210 bosis,
421 2119 460 2193 iu
481 2119 591 2219 apice
612 2117 732 2193 laucis
752 2142 930 2192 concavae
951 2117 1111 2193 nectarii
1130 2118 1232 2206 sitis,
1254 2117 1416 2206 inserta,
1447 2119 1582 2193 sensim
1605 2142 1752 2195 sursum

274 2219 403 2294 versbs
425 2219 625 2307 crassiora,
657 2228 698 2293 et
717 2217 866 2316 singula
889 2217 926 2290 in
947 2218 1177 2292 racemulum
1200 2215 1429 2316 graniferum
1451 2217 1753 2314 clavaelormem,

191 2399 196 2410 ,
236 2383 241 2390 .
275 2319 341 2416 qui
363 2341 452 2393 vera
472 2319 653 2410 anthera,
674 2319 886 2392 terminata.
909 2317 1078 2391 Granula
1101 2317 1206 2391 lutea
1227 2317 1515 2408 subturbinata,
1547 2321 1753 2416 angulosa,

254 2417 416 2590 solida,
443 2417 635 2518 inaperta,
663 2416 850 2494 racemuli
869 2417 974 2492 rachi
996 2416 1164 2516 capillati
1185 2415 1373 2514 clasticae‚
1405 2429 1474 2492 aut
1495 2419 1579 2518 ejus
1599 2419 1754 2495 ramulis

276 2520 323 2594 ad
351 2518 517 2594 aerentia.

228 2718 416 2794 Runrcun
443 2717 548 2794 utin
569 2719 732 2796 Genere.

227 2904 416 3005 Hrnrrrr
441 2918 480 2994 in
503 2919 661 2996 collibus
681 2919 863 2996 calcaneis
893 2918 994 2994 circa
1014 2917 1267 3018 Olisiponem,
1298 2917 1338 2994 in
1359 2917 1567 3012 Arrabida,
1600 2928 1640 2994 et
1663 2919 1754 2995 alibi
1786 2917 1789 2924 “

240 3081 247 3090 .
275 3019 317 3093 in
339 3018 631 3098 Extremudarc.
657 3021 789 3096 Floret
811 3044 909 3098 vere.
932 3019 1122 3095 Perennis.

226 3217 585 3394 Usiibfflimum'
606 3227 649 3295 ut
670 3219 733 3295 alii
752 3217 1027 3296 Orchidearum
1050 3217 1225 3320 aliarunr,
1248 3240 1315 3318 pro
1337 3218 1450 3318 Salep
1471 3217 1645 3296 orientali
1667 3219 1755 3294 sub·

276 3342 295 3392 s
313 3341 327 3393 1
347 3342 421 3394 nen
449 3343 481 3394 o.

227 3516 320 3593 Oas.
347 3515 486 3594 Differt
506 3521 555 3595 ab
576 3517 674 3618 Opb.
707 3520 803 3595 lutea
834 3504 875 3594 et
894 3517 1094 3631 oespffara,
1128 3517 1268 3620 quibus
1298 3517 1437 3616 affinis,
1467 3517 1627 3612 nectarii
1658 3517 1755 3596 iobis

276 3617 453 3694 omuibus
472 3619 598 3714 lrrscia,
618 3619 779 3715 reflexis,
794 3623 872 3696 ‘nec
891 3619 1042 3711 erectis,
1062 3643 1134 3692 uon
1146 3619 1288 3718 planis,
1311 3617 1533 3693 lateralibus
1553 3617 1757 3694 laxioribus
1790 3677 1794 3685 ,

276 3741 351 3792 nec
371 3717 435 3792 vix
452 3719 586 3806 ,fissum
607 3720 816 3819 diq'uuclis
840 3719 927 3794 Nec
949 3728 991 3794 ut
1011 3717 1172 3792 varietas
1183 3713 1280 3817 Opb.
1302 3718 1441 3819 myodis
1461 3717 1756 3808 consideranda3

244 3881 249 3888 .
277 3819 328 3890 ab
349 3817 413 3904 illa
434 3818 533 3894 enim
556 3817 681 3896 differt
702 3821 838 3918 petalis
857 3818 1111 3894 exterioribus
1141 3841 1216 3892 nou
1238 3816 1480 3904 lanceolata,
1513 3817 1646 3892 lobulis
1666 3816 1757 3891 labii

247 3981 250 3988 ⁴
276 3917 439 3994 nectarii
457 3918 591 4009 luscis,
621 3919 843 3998 lateralibus
871 3944 947 3996 non
975 3917 1370 4014 lineari-lanceolatis,
1400 3915 1603 4017 latiorique
1633 3917 1757 4015 spatio

278 4015 379 4120 iuter
397 4041 480 4096 sese
501 4018 652 4100 dissitis
