4916 7110
734 493 798 586 16
1271 507 1647 580 nurnosnsrms

739 700 860 776 tiores
877 694 1047 776 nunnulli
1069 693 1247 797 radisalia
1266 694 1329 771 ills
1349 718 1528 795 corpora,
1556 691 1767 795 dequibus
1786 692 2021 808 mergitur,
2051 721 2075 772 ιι
2096 691 2225 776 bulbis

742 801 921 898 separant
941 808 983 875 et
1003 795 1202 874 tuberibus
1221 797 1481 896 conjungunt,
1504 797 1591 871 eum
1614 820 1662 872 ex
1683 795 1793 894 epioe
1814 797 2048 894 turmodum,
2076 822 2148 874 nec
2171 823 2222 875 ex

652 923 654 928 ’
693 941 699 948 ·
741 900 846 992 basi,
867 899 1058 975 rediculus
1076 900 1254 986 trudant,
1279 896 1444 994 ideoque
1465 895 1768 994 plus-tuberibus
1787 897 1901 994 quim
1924 895 2050 973 bulbis
2069 899 2250 1000 reguia·'

693 1051 698 1064 ·
718 1033 722 1044 ·
742 1000 849 1077 ribus
869 998 992 1076 affinia
1022 1021 1105 1072 esse
1125 1006 1305 1086 censent3
1336 996 1399 1072 elii
1427 1021 1514 1072 cum
1537 995 1695 1072 Linnmo
1725 1019 1773 1072 es
1793 996 1918 1072 bulbis
1948 1010 2220 1090 annumerant5

693 1130 697 1138 ¹
742 1125 813 1178 nos
831 1099 897 1176 illa
916 1098 1033 1174 etiem
1054 1121 1122 1196 pro
1144 1096 1269 1172 bulbis
1287 1097 1431 1172 hebere
1451 1119 1744 1196 prosequemur,
1774 1097 1841 1172 sed
1861 1095 1953 1174 istos
1974 1108 2018 1175 ut
2036 1098 2219 1199 irregula-

692 1233 697 1268 ι
740 1226 802 1278 res
821 1211 863 1275 et
884 1197 1030 1276 fibriliis
1047 1197 1168 1273 erutis
1188 1196 1408 1272 besiiuribus
1427 1205 1597 1272 cometus
1617 1195 1902 1274 manseramus

690 1359 799 1476 One..
818 1400 866 1475 5.·
891 1399 1165 1476 ΟιοΙιὶιΙειιιιιιιιι
1187 1396 1331 1474 semine
1350 1395 1389 1474 in
1410 1393 1631 1492 Lusitania,
1660 1397 1760 1474 sieut
1780 1394 1894 1489 alibi,
1919 1395 1997 1472 sire
2016 1422 2066 1474 ex
2086 1400 2216 1476 secun·

690 1545 697 1552 -
741 1501 906 1578 dationis
927 1500 1128 1599 perfectu,
1151 1498 1231 1574 sive
1254 1521 1303 1572 ex
1322 1497 1539 1574 sufficientis
1558 1496 1597 1574 in
1617 1496 1782 1598 nepsrriis
1801 1496 2013 1574 nutriminis
2033 1498 2214 1594 deiectu,

740 1598 821 1676 sive
852 1627 900 1677 ex
921 1599 1049 1675 uliavis
1078 1623 1215 1692 sense,
1246 1597 1463 1674 difficillime
1493 1598 1568 1674 uiis
1597 1598 1768 1690 tentum,
1799 1607 1866 1672 sut
1891 1596 2078 1674 interdum
2110 1599 2215 1674 nulla

744 1701 979 1800 germinent3
1001 1698 1170 1775 nonnulli
1188 1697 1400 1792 hortulani,
1423 1697 1489 1796 qni
1508 1697 1758 1776 hundeseetui
1776 1696 1990 1774 nutriminis
2011 1697 2215 1797 imputant,
2372 1719 2373 1754 ι

742 1813 787 1875 ut
805 1802 869 1876 iila
889 1801 1082 1899 vegetiora
1113 1798 1299 1893 evadent,
1330 1823 1376 1874 ae
1400 1798 1507 1897 pinre
1528 1797 1764 1897 germinent,
1792 1821 1929 1873 novum
1951 1797 2113 1874 bulbum
2140 1798 2214 1898 pri-

693 1945 697 1954 ·
742 1923 806 1976 mo
826 1924 915 1976 vere
935 1903 996 1976 vix
1016 1899 1209 1974 evolutum
1228 1921 1402 1974 resecare
1419 1897 1604 1990 suadent3
1626 1899 1691 1976 elii
1712 1899 1777 1994 hes
1795 1899 1930 2001 stirpes
1948 1897 1987 1974 in
2007 1897 2215 1992 Caldsriis,

740 2011 810 2078 eut
828 1999 868 2078 in
887 2000 970 2078 ultis
988 1999 1142 2103 penitus
1160 2009 1271 2086 terrae
1293 1997 1445 2078 intrusis
1464 1999 1606 2076 colunt.
