4916 7110
864 609 1144 680 scurnum.
1674 579 1742 684 43

295 801 385 879 alibi
410 801 448 878 iu
471 798 752 876 Extremadura
783 807 824 874 et
844 799 1131 898 Transtagana,
1161 799 1367 899 praesertim
1400 798 1438 875 in
1460 796 1577 892 locis,
1607 802 1772 900 quinon

294 901 408 1003 longe
439 899 575 976 almari
607 901 755 975 absunt
786 891 919 975 Floret
950 911 1035 997 post
1066 927 1184 1000 aquas
1207 899 1501 1000 aequinoxiales,
1523 899 1770 1000 Septembri,

294 1001 478 1094 Octobri,
509 998 741 1093 Novembri,
774 996 1082 1097 Decembrique3
1119 1002 1187 1076 sed
1208 1003 1292 1101 ejus
1313 1001 1454 1076 fructus
1473 999 1620 1076 nonnisi
1651 1001 1773 1099 primo

294 1126 381 1176 vere
403 1103 574 1200 perfecte
595 1100 828 1176 maturescit.
849 1099 1018 1176 Bulbose
1035 1111 1239 1199 perennat,
1271 1100 1396 1177 bulbis
1414 1103 1486 1178 sub
1506 1110 1605 1176 terra
1627 1111 1703 1178 tres
1724 1103 1774 1178 ad

297 1201 469 1302 quinque
490 1201 620 1276 uncias
639 1199 890 1276 latitantibus.

247 1405 363 1480 Turi
390 1402 519 1499 planta
536 1400 694 1476 inodora
717 1408 797 1492 est,
831 1411 871 1477 at
891 1399 954 1475 vix
975 1399 1073 1492 aliu,
1101 1413 1214 1498 quam
1234 1399 1450 1493 herbaceo,
1471 1420 1604 1500 sapore
1626 1403 1780 1481 donatas.

300 1503 402 1580 Usus
420 1501 622 1580 Lusitanis
637 1522 713 1576 non
734 1501 848 1594 aliur,
879 1504 996 1602 quam
1015 1502 1147 1576 floram
1168 1500 1343 1576 studiosis
1373 1501 1423 1576 ad
1444 1501 1637 1577 horrorum
1670 1523 1776 1578 areas

297 1603 336 1678 ln
359 1612 542 1678 autumno
574 1600 829 1690 exornandam
859 1626 945 1676 narn
967 1600 1172 1700 stigmata,
1201 1625 1291 1678 curn
1313 1601 1472 1674 inodora
1495 1601 1593 1694 sint,
1624 1620 1700 1676 nou
1722 1595 1776 1676 le-

257 1761 263 1768 .
298 1712 465 1806 guntur,
490 1726 563 1778 nec
583 1701 747 1778 faculam
771 1726 819 1776 aa
842 1700 969 1776 bulbis
987 1701 1222 1799 amylacsam
1246 1700 1471 1775 extrahendi
1492 1701 1616 1802 praxis
1638 1703 1725 1777 ulla.

250 1905 343 1980 Oss.
372 1903 518 1977 Crocus
546 1900 746 2002 multifidus
777 1901 978 1994 Ramond,
1010 1899 1069 1976 La
1091 1901 1230 1977 Marck
1262 1912 1302 1977 et
1335 1901 1513 1994 aliorum,
1545 1900 1776 2002 insimulque

296 2005 445 2079 Crocus
465 2002 669 2092 nudiflorur
687 2000 811 2078 Smitb
830 2001 976 2076 nonnisi
991 2001 1108 2099 'hujus
1137 1999 1264 2077 nostri
1277 2001 1504 2094 varietates,
1537 2021 1586 2075 err
1605 2004 1778 2078 lotorum

295 2105 375 2181 situ
397 2103 603 2204 frigidiori,
624 2102 684 2175 vel
707 2129 754 2176 ex
775 2101 1022 2193 habitudine,
1054 2125 1166 2198 quam
1190 2126 1237 2175 eo
1258 2101 1340 2202 ipso
1361 2103 1490 2200 adepti
1512 2104 1641 2190 suere,
1676 2105 1777 2178 unde

298 2204 390 2280 lolia
409 2203 527 2278 serius
548 2201 726 2279 emittere
747 2204 906 2294 solent,
932 2200 1023 2277 mihi
1045 2225 1127 2275 ene
1147 2201 1333 2278 ridentur.
1366 2193 1551 2277 Nonnulli
1579 2201 1643 2275 alii
1664 2191 1778 2278 Croci

299 2301 557 2403 angustilolii,
586 2300 654 2401 qui
677 2303 726 2376 ab
746 2301 959 2378 Autoribus
979 2301 1187 2395 brumales,
1215 2301 1351 2392 serni,
1382 2303 1559 2394 serotini,
1587 2303 1779 2400 montani,

301 2415 374 2482 etc.
397 2403 599 2495 dicuntur,
630 2414 671 2478 et
691 2417 850 2502 quorum
881 2403 1064 2502 stigmata
1094 2401 1256 2500 primlrm
1283 2399 1677 2497 brevissime-incisa,
1709 2427 1780 2478 seu

302 2503 409 2605 quasi
429 2513 608 2593 arenata,
640 2503 839 2596 videntur,
872 2503 1027 2578 demum
1049 2527 1137 2578 vero
1164 2501 1203 2576 in
1225 2527 1353 2576 eorum
1377 2504 1546 2600 perlecta
1566 2503 1780 2604 vegetatio·

300 2631 349 2682 ne
369 2603 559 2679 multifida
589 2603 712 2697 fiunt,
739 2614 856 2678 etiam
889 2605 939 2679 ad
959 2614 1125 2678 nostrum
1151 2599 1397 2678 'amandandi
1433 2603 1545 2678 Notae
1566 2603 1778 2700 specificae,

269 2771 272 2780 .
301 2703 381 2780 sive
400 2703 476 2778 aiut
494 2702 592 2797 illae,
624 2725 709 2802 quaa
741 2725 789 2779 ex
809 2703 1051 2804 stigmatibus
1081 2725 1167 2778 curn
1190 2699 1357 2779 authoris
1384 2704 1512 2801 quoad
1536 2703 1779 2779 altitudinem

303 2803 552 2902 comparatis,
578 2803 658 2879 sive
680 2828 766 2902 quae
788 2829 835 2878 ex
858 2829 989 2879 eorum
1011 2803 1186 2880 divisuris
1207 2803 1355 2877 desumi
1375 2804 1516 2896 solent,
1548 2815 1781 2878 tantummo-

304 2904 352 2980 db
373 2905 489 2978 firmae
521 2905 608 2979 cbm
644 2928 692 2978 ex
712 2905 801 3002 ipsis
832 2905 1002 3002 perfecte
1033 2905 1193 2980 evolutis
1222 2903 1481 2976 desumuntur.
1513 2904 1643 2978 Nostri
1665 2903 1781 2980 Croci

303 3005 495 3082 interdum
518 3004 700 3106 stigmata
721 3003 761 3079 ln
780 3003 970 3105 aliquibus
990 2998 1192 3080 individuis
1217 3003 1278 3078 rix
1301 3001 1575 3097 sublaciniata,
1599 3003 1783 3080 antberis·

305 3130 382 3220 que
402 3105 576 3181 breviora
596 3105 657 3180 vel
678 3105 842 3203 aequalia
861 3107 1022 3204 primbm
1043 3105 1302 3198 observantur,
1325 3104 1398 3179 etsi
1420 3114 1511 3180 tunc
1527 3107 1606 3206 jam
1629 3106 1780 3182 corollae

306 3207 444 3280 limbus
465 3219 616 3303 apertus
634 3201 704 3296 'sit;
726 3218 768 3282 at
788 3208 925 3281 sensim
949 3206 1070 3281 indies
1090 3205 1352 3280 excrescentia
1372 3205 1487 3283 infila
1506 3209 1613 3306 plura
1633 3209 1781 3286 findun-

308 3317 390 3394 tur,
424 3305 509 3406 plus
539 3309 786 3405 elongantur,
817 3305 969 3381 demdm
1001 3305 1110 3406 quasi
1141 3303 1444 3406 penicillilormia
1472 3310 1707 3411 redduntur,
1740 3323 1781 3390 et

309 3405 485 3483 antheras
504 3406 709 3487 altitudine
734 3405 817 3509 plns
837 3407 1007 3486 minuare
1028 3416 1215 3508 eriperent.
1349 3453 1354 3462 ·
1667 3413 1670 3425 '
