5796 7174
975 517 1252 586 nonnanis.
1756 498 1851 590 153
1976 551 1979 557 ι

352 789 354 792 ,
398 700 528 780 infime
550 699 738 791 ambiens,
760 699 896 794 sulvus,
917 708 1030 776 extus
1049 703 1294 793 subvillosus,
1317 699 1424 778 intus
1444 699 1601 803 glaber,
1625 703 1808 802 profunde
1831 707 1885 779 bi-

397 804 594 902 partitus,
624 799 762 874 lacinia
794 811 956 898 utraque
988 801 1129 891 bifida,
1161 801 1393 896 biaristata,
1427 803 1549 878 aristis
1580 803 1883 902 subaequalibus,

400 899 642 1005 longitudine
663 898 863 999 germinis,
886 901 1027 974 corolla
1048 903 1136 976 vero
1155 902 1235 976 fere
1258 900 1368 1000 triplo
1390 902 1636 978 brevioribus.

349 1101 547 1178 Cenoma
577 1095 726 1172 unciam
750 1096 882 1196 longa,
914 1097 1100 1173 bilabiata
1114 1123 1124 1188 ;
1158 1090 1274 1174 tubus
1296 1097 1463 1194 inferne,
1490 1101 1557 1178 ubi
1579 1126 1735 1204 germen
1759 1101 1881 1201 tegit,

399 1203 511 1276 valde
532 1197 720 1288 tumidus,
745 1200 1078 1290 membranaceus,
1102 1222 1150 1273 ex
1172 1197 1300 1274 albido
1320 1225 1614 1298 purpurascens,
1647 1201 1883 1301 glabriuscu·

397 1301 478 1388 lus,
502 1299 614 1396 paulo
635 1295 730 1370 intra
753 1297 920 1372 medium
943 1297 1052 1372 nimis
1072 1308 1309 1394 coarctatus,
1338 1301 1478 1376 exinde
1498 1301 1635 1376 sensim
1658 1301 1881 1400 ampliatus,

395 1395 723 1497 longitudinaliter
742 1421 923 1494 rugosae,
957 1396 1103 1494 poetice
1125 1399 1316 1474 cerinatus
1329 1458 1339 1492 ,
1371 1402 1602 1493 flavescens,
1633 1400 1882 1494 subvillosuS,

396 1500 508 1575 valde
529 1521 712 1572 cernuus:
739 1495 882 1572 labium
904 1496 1075 1592 superius
1096 1511 1292 1594 apertum,
1320 1523 1553 1594 concavum,
1577 1499 1721 1597 postica
1744 1500 1883 1574 carina·

399 1611 502 1690 tum,
534 1596 718 1687 bifidum,
750 1593 897 1668 laciniis
918 1595 1080 1670 minimis
1101 1596 1367 1691 acutiusculis,
1394 1610 1504 1674 extus
1526 1610 1566 1674 et
1587 1602 1688 1674 intus
1709 1599 1881 1692 hirsutis,

398 1699 552 1788 ciliatis,
575 1695 726 1768 demum
750 1694 936 1768 lateribus
956 1695 1151 1770 revolutis:
1175 1697 1317 1772 labium
1340 1697 1494 1774 inferius
1514 1701 1715 1792 reflexum,
1738 1701 1785 1774 ad
1807 1698 1883 1773 fau·

398 1825 481 1874 cem
518 1795 600 1872 tubi
633 1796 781 1868 duabu·
813 1794 924 1868 bullis
955 1794 1201 1870 villosissimis
1232 1797 1454 1891 elevatum,
1498 1798 1698 1890 trifidum,
1734 1797 1881 1872 laciniis

397 1897 627 1996 aequalibus,
652 1905 718 1968 aut
738 1891 1047 1990 subaequalibus,
1074 1897 1219 1989 ovatis,
1251 1897 1572 1992 obtusiusuculis‚
1604 1899 1773 1974 obsolete
1797 1922 1880 1972 ore·

396 1998 561 2091 nulatiS,
584 1993 710 2087 flavis,
735 1993 795 2067 vel
814 1993 1035 2091 purpureiS,
1056 1993 1216 2090 ciliatis,
1244 1995 1414 2096 rugosis,
1445 2009 1558 2074 extus
1580 2007 1620 2072 et
1641 1997 1741 2072 intus
1762 1996 1879 2073 hirsu-

399 2099 457 2174 tis.

348 2301 565 2375 Srnmmum
593 2296 786 2371 filamenta
817 2293 1044 2391 didynanra,
1076 2295 1170 2371 tubo
1202 2299 1240 2372 in
1272 2298 1535 2374 coarctatione
1566 2293 1728 2388 inserta,
1760 2299 1878 2392 flava,

395 2397 540 2474 inferne
561 2395 761 2489 crassiore,
785 2395 961 2468 subulata
974 2454 984 2488 ,
1004 2396 1231 2489 subvillosa,
1252 2400 1416 2495 superne
1437 2400 1591 2496 glabra,
1614 2399 1651 2472 in
1674 2399 1769 2472 tubo
1792 2424 1879 2473 cum

397 2495 564 2572 antheris
585 2493 793 2570 recondita.
824 2493 1007 2567 Antherae
1030 2495 1188 2589 bilobae,
1210 2497 1459 2588 biloculares,
1491 2497 1635 2572 inferne
1659 2497 1856 2593 bispinosae
1869 2553 1879 2588 ,

397 2599 558 2698 glabrae,
582 2597 710 2688 ssavae,
734 2595 885 2668 demum
911 2594 1097 2668 exalbidae
1111 2651 1122 2687 ,
1147 2598 1360 2696 contiguae,
1383 2596 1450 2672 sed
1473 2623 1548 2672 non
1571 2597 1818 2672 cohaerentes.

346 2797 597 2872 Nacrnnrum
623 2793 671 2868 ad
693 2794 800 2867 basin
822 2791 1001 2893 germinis
1021 2791 1081 2866 vix
1102 2792 1228 2868 ullum¹
1253 2792 1395 2868 Pistilli·
1410 2819 1567 2894 germen
1588 2805 1764 2888 ovatum,
1787 2817 1877 2869 ecu-

396 2896 627 2985 tiusculum,
659 2896 829 2967 obsolete
856 2892 1200 2991 quadrisulcatum,
1232 2895 1428 2991 glabrum,
1462 2919 1509 2968 ex
1532 2895 1657 2968 albido
1678 2919 1878 2992 purpuras·

398 3021 509 3069 cens:
542 2995 663 3090 stylus
691 3017 738 3067 ex
758 2994 855 3068 flavo
877 2994 1024 3084 luscus,
1056 2993 1212 3091 glaber,
1245 2992 1482 3091 longitudine
1507 2993 1771 3083 antherarum,
1809 3003 1879 3068 aut

396 3097 512 3193 paulo
533 3094 665 3169 altior:
688 3093 827 3190 stigma
848 3118 1035 3183 crassum,
1056 3116 1155 3166 nunc
1177 3103 1370 3183 retusum,
1403 3117 1502 3168 nune
1528 3091 1567 3166 in
1589 3091 1715 3166 medio
1737 3093 1875 3166 unisul·

396 3205 526 3269 catum
549 3204 615 3268 aut
634 3193 805 3267 obsolete
827 3192 1076 3268 obcordatum
1089 3249 1099 3286 ,
1122 3193 1292 3288 luscum,
1314 3191 1479 3268 antheris
1498 3216 1600 3291 saepe
1619 3193 1731 3291 paulo
1753 3191 1877 3286 altius,

398 3306 439 3369 et
462 3297 509 3370 ad
530 3295 628 3394 ipsas
649 3291 903 3366 incurvatum.

348 3493 537 3570 Carsura
568 3500 703 3580 ovata3
725 3489 979 3582 acutiuscula,
1001 3489 1304 3590 quadrisuleata,
1326 3488 1587 3583 unilocularis,
1614 3465 1784 3565 bivalvis.
1810 3489 1876 3563 Se·

397 3595 500 3668 mina
523 3616 740 3681 numerosa,
763 3590 1185 3682 minutissima,'fusca‚
1220 3591 1354 3682 unico,
1385 3617 1467 3665 raro
1487 3591 1637 3664 duobus
1657 3589 1873 3688 contiguis,

397 3692 644 3791 receptaculo
664 3691 846 3791 sungoso,
868 3691 907 3766 in
927 3692 1053 3767 medio
1073 3690 1233 3790 singulas
1254 3691 1411 3766 valvulae
1434 3691 1605 3783 elevato,
1628 3687 1749 3764 affixa.

351 3893 542 3969 Hartman
567 3890 604 3964 in
627 3889 726 3990 agris
746 3899 787 3963 et
809 3888 971 3966 collibus
992 3890 1093 3965 circa
1114 3888 1370 3988 Olisiponem,
1404 3886 1687 3964 conimbricam
1718 3895 1759 3963 et
1778 3879 1871 3963 alibi

353 4083 355 4088 ,
400 3992 532 4066 Floret
554 4013 660 4074 vere,
674 3990 824 4064 Annua.

353 4193 519 4266 Vanrnr
544 4191 675 4264 florum
698 4187 850 4284 colore,
866 4187 984 4282 flavo,
1007 4199 1321 4286 purpurascentes,
1347 4203 1413 4262 aut
1434 4186 1514 4262 istis
1535 4185 1750 4282 variegat03
1782 4183 1876 4258 item

401 4290 512 4365 caule
532 4287 828 4384 simplicissimo,
850 4287 922 4362 etsi
943 4313 990 4364 ex
1005 4289 1175 4387 ejusdem
1197 4287 1339 4387 speciei
1361 4311 1514 4363 ramosae
1534 4285 1761 4379 seminibus,
1784 4309 1878 4382 qua-

400 4416 440 4464 re
462 4413 528 4486 pro
543 4387 689 4464 diversa
710 4387 843 4486 specie.
858 4413 935 4463 non
954 4388 1141 4467 habenda.
