<?xml version="1.0" encoding="UTF-8"?>
<!DOCTYPE html PUBLIC "-//W3C//DTD XHTML 1.0 Transitional//EN"
    "http://www.w3.org/TR/xhtml1/DTD/xhtml1-transitional.dtd">
<html xmlns="http://www.w3.org/1999/xhtml" xml:lang="en" lang="en">
 <head>
  <title>
</title>
<meta http-equiv="Content-Type" content="text/html;charset=utf-8" />
  <meta name='ocr-system' content='tesseract 3.04.00' />
  <meta name='ocr-capabilities' content='ocr_page ocr_carea ocr_par ocr_line ocrx_word'/>
</head>
<body>
  <div class='ocr_page' id='page_1' title='image "./phytographialus00brotgoog_0381.png"; bbox 0 0 5860 7198; ppageno 0'>
   <div class='ocr_carea' id='block_1_1' title="bbox 969 531 1835 670">
    <p class='ocr_par' dir='ltr' id='par_1_1' title="bbox 969 531 1835 670">
     <span class='ocr_line' id='line_1_1' title="bbox 969 531 1835 670; baseline 0.01 -52"><span class='ocrx_word' id='word_1_1' title='bbox 969 549 1247 622; x_wconf 76' lang='lat' dir='ltr'><strong>nusranmm.</strong></span> <span class='ocrx_word' id='word_1_2' title='bbox 1729 531 1835 670; x_wconf 68' lang='lat'><strong>293</strong></span> 
     </span>
    </p>
   </div>
   <div class='ocr_carea' id='block_1_2' title="bbox 339 729 1867 1231">
    <p class='ocr_par' dir='ltr' id='par_1_2' title="bbox 339 729 1867 1231">
     <span class='ocr_line' id='line_1_2' title="bbox 339 729 1865 837; baseline 0.007 -27"><span class='ocrx_word' id='word_1_3' title='bbox 339 735 491 810; x_wconf 79' lang='lat' dir='ltr'><strong>Csnrx</strong></span> <span class='ocrx_word' id='word_1_4' title='bbox 517 729 789 830; x_wconf 79' lang='lat' dir='ltr'><strong>tetropbyllus3</strong></span> <span class='ocrx_word' id='word_1_5' title='bbox 813 729 986 810; x_wconf 77' lang='lat' dir='ltr'><strong>totioltst</strong></span> <span class='ocrx_word' id='word_1_6' title='bbox 1006 731 1117 812; x_wconf 74' lang='lat' dir='ltr'><strong>viridi</strong></span> <span class='ocrx_word' id='word_1_7' title='bbox 1136 733 1447 828; x_wconf 77' lang='lat' dir='ltr'><strong>flavescentibus,</strong></span> <span class='ocrx_word' id='word_1_8' title='bbox 1470 735 1634 837; x_wconf 87' lang='lat' dir='ltr'><strong>glabris,</strong></span> <span class='ocrx_word' id='word_1_9' title='bbox 1655 741 1865 820; x_wconf 80' lang='lat' dir='ltr'><strong>ovato-lan·</strong></span> 
     </span>
     <span class='ocr_line' id='line_1_3' title="bbox 390 829 1865 935; baseline 0.007 -29"><span class='ocrx_word' id='word_1_10' title='bbox 390 829 573 922; x_wconf 86' lang='lat' dir='ltr'><strong>ceolatis,</strong></span> <span class='ocrx_word' id='word_1_11' title='bbox 599 830 868 923; x_wconf 79' lang='lat' dir='ltr'><strong>acutiusculis,</strong></span> <span class='ocrx_word' id='word_1_12' title='bbox 902 833 1104 926; x_wconf 82' lang='lat' dir='ltr'><strong>concavis,</strong></span> <span class='ocrx_word' id='word_1_13' title='bbox 1135 835 1368 935; x_wconf 85' lang='lat' dir='ltr'><strong>aequalibus,</strong></span> <span class='ocrx_word' id='word_1_14' title='bbox 1397 837 1600 935; x_wconf 79' lang='lat' dir='ltr'><strong>oppositis,</strong></span> <span class='ocrx_word' id='word_1_15' title='bbox 1624 841 1865 934; x_wconf 83' lang='lat' dir='ltr'><strong>patentibus,</strong></span> 
     </span>
     <span class='ocr_line' id='line_1_4' title="bbox 389 927 1865 1038; baseline 0.004 -30"><span class='ocrx_word' id='word_1_16' title='bbox 389 931 530 1034; x_wconf 83' lang='lat' dir='ltr'><strong>corolla</strong></span> <span class='ocrx_word' id='word_1_17' title='bbox 551 927 706 1006; x_wconf 87' lang='lat' dir='ltr'><strong>dimidiu</strong></span> <span class='ocrx_word' id='word_1_18' title='bbox 727 929 972 1008; x_wconf 83' lang='lat' dir='ltr'><strong>brevioribus.</strong></span> <span class='ocrx_word' id='word_1_19' title='bbox 985 932 1146 1012; x_wconf 38' lang='lat' dir='ltr'><strong>,Corolia</strong></span> <span class='ocrx_word' id='word_1_20' title='bbox 1166 935 1421 1029; x_wconf 77' lang='lat' dir='ltr'><strong>cruciformis3</strong></span> <span class='ocrx_word' id='word_1_21' title='bbox 1447 938 1579 1038; x_wconf 71' lang='lat' dir='ltr'><strong>petalis</strong></span> <span class='ocrx_word' id='word_1_22' title='bbox 1599 938 1730 1031; x_wconf 78' lang='lat' dir='ltr'><strong>luteis,</strong></span> <span class='ocrx_word' id='word_1_23' title='bbox 1751 941 1865 1032; x_wconf 76' lang='lat' dir='ltr'><strong>laxiS,</strong></span> 
     </span>
     <span class='ocr_line' id='line_1_5' title="bbox 390 1029 1866 1138; baseline 0.005 -32"><span class='ocrx_word' id='word_1_24' title='bbox 390 1029 638 1106; x_wconf 71' lang='lat' dir='ltr'><strong>semiunciam</strong></span> <span class='ocrx_word' id='word_1_25' title='bbox 660 1029 739 1106; x_wconf 86' lang='lat' dir='ltr'><strong>fere</strong></span> <span class='ocrx_word' id='word_1_26' title='bbox 761 1031 904 1132; x_wconf 87' lang='lat' dir='ltr'><strong>longis,</strong></span> <span class='ocrx_word' id='word_1_27' title='bbox 934 1032 1311 1126; x_wconf 75' lang='lat' dir='ltr'><strong>oboram-canentis,</strong></span> <span class='ocrx_word' id='word_1_28' title='bbox 1340 1059 1409 1110; x_wconf 88' lang='lat' dir='ltr'><strong>seu</strong></span> <span class='ocrx_word' id='word_1_29' title='bbox 1430 1036 1714 1116; x_wconf 81' lang='lat' dir='ltr'><strong>cuneisormiter</strong></span> <span class='ocrx_word' id='word_1_30' title='bbox 1747 1063 1866 1138; x_wconf 88' lang='lat' dir='ltr'><strong>usque</strong></span> 
     </span>
     <span class='ocr_line' id='line_1_6' title="bbox 393 1127 1867 1231; baseline 0.006 -26"><span class='ocrx_word' id='word_1_31' title='bbox 393 1131 440 1208; x_wconf 89' lang='lat' dir='ltr'><strong>ad</strong></span> <span class='ocrx_word' id='word_1_32' title='bbox 461 1129 571 1206; x_wconf 80' lang='lat' dir='ltr'><strong>basia</strong></span> <span class='ocrx_word' id='word_1_33' title='bbox 591 1127 727 1206; x_wconf 85' lang='lat' dir='ltr'><strong>sensim</strong></span> <span class='ocrx_word' id='word_1_34' title='bbox 751 1129 790 1208; x_wconf 90' lang='lat' dir='ltr'><strong>in</strong></span> <span class='ocrx_word' id='word_1_35' title='bbox 812 1156 976 1231; x_wconf 87' lang='lat' dir='ltr'><strong>unguem</strong></span> <span class='ocrx_word' id='word_1_36' title='bbox 998 1131 1191 1210; x_wconf 88' lang='lat' dir='ltr'><strong>minimum</strong></span> <span class='ocrx_word' id='word_1_37' title='bbox 1214 1135 1446 1228; x_wconf 57' lang='lat' dir='ltr'><strong>attenuatis,</strong></span> <span class='ocrx_word' id='word_1_38' title='bbox 1474 1161 1606 1214; x_wconf 85' lang='lat' dir='ltr'><strong>eorum</strong></span> <span class='ocrx_word' id='word_1_39' title='bbox 1625 1137 1775 1212; x_wconf 82' lang='lat' dir='ltr'><strong>laminae</strong></span> <span class='ocrx_word' id='word_1_40' title='bbox 1798 1142 1867 1214; x_wconf 86' lang='lat' dir='ltr'><strong>ob·</strong></span> 
     </span>
    </p>
   </div>
   <div class='ocr_carea' id='block_1_3' title="bbox 391 1229 1863 1428">
    <p class='ocr_par' dir='ltr' id='par_1_3' title="bbox 391 1229 1863 1428">
     <span class='ocr_line' id='line_1_7' title="bbox 392 1229 1863 1336; baseline 0.004 -30"><span class='ocrx_word' id='word_1_41' title='bbox 392 1242 512 1321; x_wconf 74' lang='lat' dir='ltr'><strong>tusa,</strong></span> <span class='ocrx_word' id='word_1_42' title='bbox 540 1229 814 1329; x_wconf 81' lang='lat' dir='ltr'><strong>integerrimae,</strong></span> <span class='ocrx_word' id='word_1_43' title='bbox 846 1241 1046 1328; x_wconf 84' lang='lat' dir='ltr'><strong>patentes,</strong></span> <span class='ocrx_word' id='word_1_44' title='bbox 1074 1235 1140 1310; x_wconf 81' lang='lat' dir='ltr'><strong>ced</strong></span> <span class='ocrx_word' id='word_1_45' title='bbox 1162 1237 1231 1312; x_wconf 86' lang='lat' dir='ltr'><strong>sub</strong></span> <span class='ocrx_word' id='word_1_46' title='bbox 1251 1233 1340 1313; x_wconf 82' lang='lat' dir='ltr'><strong>solis</strong></span> <span class='ocrx_word' id='word_1_47' title='bbox 1372 1261 1550 1312; x_wconf 77' lang='lat' dir='ltr'><strong>occasum</strong></span> <span class='ocrx_word' id='word_1_48' title='bbox 1580 1263 1679 1336; x_wconf 80' lang='lat' dir='ltr'><strong>sape</strong></span> <span class='ocrx_word' id='word_1_49' title='bbox 1701 1249 1863 1332; x_wconf 85' lang='lat' dir='ltr'><strong>erectae,</strong></span> 
     </span>
     <span class='ocr_line' id='line_1_8' title="bbox 391 1329 1114 1428; baseline 0.008 -24"><span class='ocrx_word' id='word_1_50' title='bbox 391 1329 629 1422; x_wconf 70' lang='lat' dir='ltr'><strong>convolutae,</strong></span> <span class='ocrx_word' id='word_1_51' title='bbox 650 1343 835 1428; x_wconf 80' lang='lat' dir='ltr'><strong>arctoque</strong></span> <span class='ocrx_word' id='word_1_52' title='bbox 857 1332 1114 1410; x_wconf 74' lang='lat' dir='ltr'><strong>conniventes</strong></span> 
     </span>
    </p>
   </div>
   <div class='ocr_carea' id='block_1_4' title="bbox 342 1527 1998 1934">
    <p class='ocr_par' dir='ltr' id='par_1_4' title="bbox 342 1527 1998 1934">
     <span class='ocr_line' id='line_1_9' title="bbox 342 1527 1865 1635; baseline 0.003 -29"><span class='ocrx_word' id='word_1_53' title='bbox 342 1531 561 1607; x_wconf 72' lang='lat' dir='ltr'><strong>Smmmu</strong></span> <span class='ocrx_word' id='word_1_54' title='bbox 590 1527 781 1602; x_wconf 85' lang='lat' dir='ltr'><strong>filamenta</strong></span> <span class='ocrx_word' id='word_1_55' title='bbox 803 1527 1026 1624; x_wconf 87' lang='lat' dir='ltr'><strong>didynama,</strong></span> <span class='ocrx_word' id='word_1_56' title='bbox 1049 1557 1209 1630; x_wconf 89' lang='lat' dir='ltr'><strong>quorum</strong></span> <span class='ocrx_word' id='word_1_57' title='bbox 1234 1534 1311 1609; x_wconf 91' lang='lat' dir='ltr'><strong>duo</strong></span> <span class='ocrx_word' id='word_1_58' title='bbox 1332 1535 1572 1634; x_wconf 78' lang='lat' dir='ltr'><strong>longitudine</strong></span> <span class='ocrx_word' id='word_1_59' title='bbox 1592 1535 1755 1635; x_wconf 82' lang='lat' dir='ltr'><strong>calycis,</strong></span> <span class='ocrx_word' id='word_1_60' title='bbox 1791 1534 1865 1610; x_wconf 88' lang='lat' dir='ltr'><strong>alia</strong></span> 
     </span>
     <span class='ocr_line' id='line_1_10' title="bbox 391 1626 1865 1728; baseline 0.005 -26"><span class='ocrx_word' id='word_1_61' title='bbox 391 1628 458 1702; x_wconf 90' lang='lat' dir='ltr'><strong>illo</strong></span> <span class='ocrx_word' id='word_1_62' title='bbox 479 1626 672 1728; x_wconf 83' lang='lat' dir='ltr'>longiora,</span> <span class='ocrx_word' id='word_1_63' title='bbox 695 1626 820 1701; x_wconf 86' lang='lat' dir='ltr'><strong>omnia</strong></span> <span class='ocrx_word' id='word_1_64' title='bbox 843 1629 1107 1716; x_wconf 87' lang='lat' dir='ltr'><strong>flavescentia,</strong></span> <span class='ocrx_word' id='word_1_65' title='bbox 1130 1635 1328 1724; x_wconf 86' lang='lat' dir='ltr'><strong>subulata,</strong></span> <span class='ocrx_word' id='word_1_66' title='bbox 1354 1648 1506 1728; x_wconf 88' lang='lat' dir='ltr'><strong>erecta;</strong></span> <span class='ocrx_word' id='word_1_67' title='bbox 1539 1636 1704 1710; x_wconf 83' lang='lat' dir='ltr'><strong>antberae</strong></span> <span class='ocrx_word' id='word_1_68' title='bbox 1727 1637 1865 1728; x_wconf 85' lang='lat' dir='ltr'><strong>luteae,</strong></span> 
     </span>
     <span class='ocr_line' id='line_1_11' title="bbox 392 1727 1866 1834; baseline 0.005 -33"><span class='ocrx_word' id='word_1_69' title='bbox 392 1729 591 1828; x_wconf 84' lang='lat' dir='ltr'><strong>oblongae,</strong></span> <span class='ocrx_word' id='word_1_70' title='bbox 625 1741 791 1820; x_wconf 84' lang='lat' dir='ltr'><strong>erectae,</strong></span> <span class='ocrx_word' id='word_1_71' title='bbox 823 1727 1055 1804; x_wconf 87' lang='lat' dir='ltr'><strong>biloculares.</strong></span> <span class='ocrx_word' id='word_1_72' title='bbox 1079 1731 1211 1807; x_wconf 87' lang='lat' dir='ltr'><strong>Pistilli</strong></span> <span class='ocrx_word' id='word_1_73' title='bbox 1234 1759 1388 1832; x_wconf 83' lang='lat' dir='ltr'>germen</span> <span class='ocrx_word' id='word_1_74' title='bbox 1410 1759 1612 1834; x_wconf 90' lang='lat' dir='ltr'><strong>superum,</strong></span> <span class='ocrx_word' id='word_1_75' title='bbox 1636 1737 1866 1834; x_wconf 91' lang='lat' dir='ltr'><strong>oblongum,</strong></span> 
     </span>
     <span class='ocr_line' id='line_1_12' title="bbox 393 1827 1998 1934; baseline 0.006 -33"><span class='ocrx_word' id='word_1_76' title='bbox 393 1827 588 1919; x_wconf 86' lang='lat' dir='ltr'><strong>filiforme,</strong></span> <span class='ocrx_word' id='word_1_77' title='bbox 612 1827 810 1926; x_wconf 88' lang='lat' dir='ltr'><strong>glabrum,</strong></span> <span class='ocrx_word' id='word_1_78' title='bbox 836 1827 955 1902; x_wconf 91' lang='lat' dir='ltr'><strong>dilute</strong></span> <span class='ocrx_word' id='word_1_79' title='bbox 976 1830 1204 1924; x_wconf 87' lang='lat' dir='ltr'><strong>flavescens,</strong></span> <span class='ocrx_word' id='word_1_80' title='bbox 1235 1835 1436 1908; x_wconf 89' lang='lat' dir='ltr'><strong>staminum</strong></span> <span class='ocrx_word' id='word_1_81' title='bbox 1462 1835 1638 1909; x_wconf 89' lang='lat' dir='ltr'><strong>maiorum</strong></span> <span class='ocrx_word' id='word_1_82' title='bbox 1664 1835 1868 1934; x_wconf 86' lang='lat' dir='ltr'><strong>longitudi-</strong></span> <span class='ocrx_word' id='word_1_83' title='bbox 1995 1903 1998 1910; x_wconf 90' lang='lat'>.</span> 
     </span>
    </p>
   </div>
   <div class='ocr_carea' id='block_1_5' title="bbox 261 1925 1866 2125">
    <p class='ocr_par' dir='ltr' id='par_1_5' title="bbox 261 1925 1866 2125">
     <span class='ocr_line' id='line_1_13' title="bbox 392 1925 1866 2034; baseline 0.005 -33"><span class='ocrx_word' id='word_1_84' title='bbox 392 1952 464 2002; x_wconf 89' lang='lat' dir='ltr'><strong>ne:</strong></span> <span class='ocrx_word' id='word_1_85' title='bbox 492 1927 611 2025; x_wconf 77' lang='lat' dir='ltr'><strong>stylus</strong></span> <span class='ocrx_word' id='word_1_86' title='bbox 634 1925 696 1999; x_wconf 80' lang='lat' dir='ltr'><strong>vix</strong></span> <span class='ocrx_word' id='word_1_87' title='bbox 716 1925 852 2000; x_wconf 90' lang='lat' dir='ltr'><strong>lineam</strong></span> <span class='ocrx_word' id='word_1_88' title='bbox 875 1927 1032 2027; x_wconf 87' lang='lat' dir='ltr'><strong>longus,</strong></span> <span class='ocrx_word' id='word_1_89' title='bbox 1057 1932 1275 2026; x_wconf 90' lang='lat' dir='ltr'><strong>persistens:</strong></span> <span class='ocrx_word' id='word_1_90' title='bbox 1303 1934 1447 2034; x_wconf 81' lang='lat' dir='ltr'><strong>stigma</strong></span> <span class='ocrx_word' id='word_1_91' title='bbox 1460 1935 1693 2034; x_wconf 86' lang='lat' dir='ltr'><strong>capitatum,</strong></span> <span class='ocrx_word' id='word_1_92' title='bbox 1716 1937 1866 2033; x_wconf 87' lang='lat' dir='ltr'><strong>depres-</strong></span> 
     </span>
     <span class='ocr_line' id='line_1_14' title="bbox 261 2025 1375 2125; baseline 0.005 -24"><span class='ocrx_word' id='word_1_93' title='bbox 261 2077 265 2086; x_wconf 89' lang='lat'><em>·</em></span> <span class='ocrx_word' id='word_1_94' title='bbox 391 2053 497 2120; x_wconf 89' lang='lat' dir='ltr'><strong>sum,</strong></span> <span class='ocrx_word' id='word_1_95' title='bbox 518 2025 892 2125; x_wconf 87' lang='lat' dir='ltr'><strong>subemarginatum,</strong></span> <span class='ocrx_word' id='word_1_96' title='bbox 912 2051 980 2101; x_wconf 89' lang='lat' dir='ltr'><strong>seu</strong></span> <span class='ocrx_word' id='word_1_97' title='bbox 1000 2030 1170 2106; x_wconf 91' lang='lat' dir='ltr'><strong>obsolete</strong></span> <span class='ocrx_word' id='word_1_98' title='bbox 1194 2032 1375 2110; x_wconf 89' lang='lat' dir='ltr'><strong>bilobum.</strong></span> 
     </span>
    </p>
   </div>
   <div class='ocr_carea' id='block_1_6' title="bbox 345 2224 1868 2530">
    <p class='ocr_par' dir='ltr' id='par_1_6' title="bbox 345 2224 1868 2530">
     <span class='ocr_line' id='line_1_15' title="bbox 345 2224 1868 2330; baseline 0.003 -30"><span class='ocrx_word' id='word_1_99' title='bbox 345 2225 583 2302; x_wconf 75' lang='lat' dir='ltr'><strong>Gntununm</strong></span> <span class='ocrx_word' id='word_1_100' title='bbox 606 2224 842 2300; x_wconf 83' lang='lat' dir='ltr'><strong>nectarilerae</strong></span> <span class='ocrx_word' id='word_1_101' title='bbox 863 2236 1049 2322; x_wconf 90' lang='lat' dir='ltr'><strong>quatuor,</strong></span> <span class='ocrx_word' id='word_1_102' title='bbox 1082 2229 1344 2329; x_wconf 84' lang='lat' dir='ltr'><strong>subglobosae,</strong></span> <span class='ocrx_word' id='word_1_103' title='bbox 1377 2231 1626 2322; x_wconf 83' lang='lat' dir='ltr'><strong>virescentes,</strong></span> <span class='ocrx_word' id='word_1_104' title='bbox 1647 2242 1868 2330; x_wconf 85' lang='lat' dir='ltr'><strong>receptacu-</strong></span> 
     </span>
     <span class='ocr_line' id='line_1_16' title="bbox 395 2321 1868 2431; baseline 0.004 -31"><span class='ocrx_word' id='word_1_105' title='bbox 395 2327 433 2400; x_wconf 94' lang='lat' dir='ltr'><strong>lo</strong></span> <span class='ocrx_word' id='word_1_106' title='bbox 455 2323 758 2400; x_wconf 84' lang='lat' dir='ltr'><strong>fructificationis</strong></span> <span class='ocrx_word' id='word_1_107' title='bbox 779 2321 919 2416; x_wconf 80' lang='lat' dir='ltr'><strong>affixae,</strong></span> <span class='ocrx_word' id='word_1_108' title='bbox 941 2352 1097 2424; x_wconf 91' lang='lat' dir='ltr'><strong>quarum</strong></span> <span class='ocrx_word' id='word_1_109' title='bbox 1120 2330 1206 2404; x_wconf 87' lang='lat' dir='ltr'><strong>duae</strong></span> <span class='ocrx_word' id='word_1_110' title='bbox 1228 2331 1327 2404; x_wconf 91' lang='lat' dir='ltr'><strong>inter</strong></span> <span class='ocrx_word' id='word_1_111' title='bbox 1346 2331 1507 2406; x_wconf 88' lang='lat' dir='ltr'><strong>stamina</strong></span> <span class='ocrx_word' id='word_1_112' title='bbox 1528 2330 1763 2406; x_wconf 85' lang='lat' dir='ltr'><strong>brevioraet</strong></span> <span class='ocrx_word' id='word_1_113' title='bbox 1783 2357 1868 2431; x_wconf 89' lang='lat' dir='ltr'><strong>ger·</strong></span> 
     </span>
     <span class='ocr_line' id='line_1_17' title="bbox 398 2422 1445 2530; baseline 0.005 -30"><span class='ocrx_word' id='word_1_114' title='bbox 398 2451 485 2500; x_wconf 88' lang='lat' dir='ltr'><strong>men</strong></span> <span class='ocrx_word' id='word_1_115' title='bbox 507 2424 657 2524; x_wconf 77' lang='lat' dir='ltr'><strong>pistilli,</strong></span> <span class='ocrx_word' id='word_1_116' title='bbox 679 2426 764 2499; x_wconf 81' lang='lat' dir='ltr'><strong>duae</strong></span> <span class='ocrx_word' id='word_1_117' title='bbox 785 2422 868 2496; x_wconf 87' lang='lat' dir='ltr'><strong>aliae</strong></span> <span class='ocrx_word' id='word_1_118' title='bbox 889 2426 988 2502; x_wconf 88' lang='lat' dir='ltr'><strong>inter</strong></span> <span class='ocrx_word' id='word_1_119' title='bbox 1009 2429 1180 2530; x_wconf 87' lang='lat' dir='ltr'><strong>longiora</strong></span> <span class='ocrx_word' id='word_1_120' title='bbox 1203 2441 1243 2504; x_wconf 88' lang='lat' dir='ltr'><strong>et</strong></span> <span class='ocrx_word' id='word_1_121' title='bbox 1264 2430 1445 2527; x_wconf 87' lang='lat' dir='ltr'><strong>calycem.</strong></span> 
     </span>
    </p>
   </div>
   <div class='ocr_carea' id='block_1_7' title="bbox 314 2623 1874 3828">
    <p class='ocr_par' dir='ltr' id='par_1_7' title="bbox 314 2623 1874 3828">
     <span class='ocr_line' id='line_1_18' title="bbox 348 2623 1871 2730; baseline 0.003 -32"><span class='ocrx_word' id='word_1_122' title='bbox 348 2623 511 2698; x_wconf 77' lang='lat' dir='ltr'><strong>Srnrnus</strong></span> <span class='ocrx_word' id='word_1_123' title='bbox 537 2623 715 2717; x_wconf 85' lang='lat' dir='ltr'><strong>linearis,</strong></span> <span class='ocrx_word' id='word_1_124' title='bbox 748 2627 1013 2726; x_wconf 88' lang='lat' dir='ltr'><strong>sesquilineam</strong></span> <span class='ocrx_word' id='word_1_125' title='bbox 1036 2626 1234 2721; x_wconf 75' lang='lat' dir='ltr'><strong>terciam,</strong></span> <span class='ocrx_word' id='word_1_126' title='bbox 1267 2627 1414 2702; x_wconf 89' lang='lat' dir='ltr'><strong>unciam</strong></span> <span class='ocrx_word' id='word_1_127' title='bbox 1438 2629 1522 2727; x_wconf 89' lang='lat' dir='ltr'><strong>plus</strong></span> <span class='ocrx_word' id='word_1_128' title='bbox 1544 2629 1714 2704; x_wconf 89' lang='lat' dir='ltr'><strong>minusve</strong></span> <span class='ocrx_word' id='word_1_129' title='bbox 1735 2629 1871 2730; x_wconf 89' lang='lat' dir='ltr'><strong>longa,</strong></span> 
     </span>
     <span class='ocr_line' id='line_1_19' title="bbox 314 2723 1869 2827; baseline 0.003 -31"><span class='ocrx_word' id='word_1_130' title='bbox 314 2729 317 2738; x_wconf 89' lang='lat'>&#39;</span> <span class='ocrx_word' id='word_1_131' title='bbox 396 2723 903 2822; x_wconf 86' lang='lat' dir='ltr'><strong>subrhombeo-compressa,</strong></span> <span class='ocrx_word' id='word_1_132' title='bbox 934 2726 1012 2800; x_wconf 87' lang='lat' dir='ltr'><strong>basi</strong></span> <span class='ocrx_word' id='word_1_133' title='bbox 1039 2737 1079 2800; x_wconf 89' lang='lat' dir='ltr'><strong>et</strong></span> <span class='ocrx_word' id='word_1_134' title='bbox 1100 2728 1208 2824; x_wconf 87' lang='lat' dir='ltr'><strong>apice</strong></span> <span class='ocrx_word' id='word_1_135' title='bbox 1230 2737 1453 2827; x_wconf 87' lang='lat' dir='ltr'><strong>angustata,</strong></span> <span class='ocrx_word' id='word_1_136' title='bbox 1485 2729 1720 2818; x_wconf 88' lang='lat' dir='ltr'><strong>bilocularis,</strong></span> <span class='ocrx_word' id='word_1_137' title='bbox 1752 2729 1869 2804; x_wconf 85' lang='lat' dir='ltr'><strong>bivai-</strong></span> 
     </span>
     <span class='ocr_line' id='line_1_20' title="bbox 397 2824 1870 2926; baseline 0.003 -30"><span class='ocrx_word' id='word_1_138' title='bbox 397 2825 475 2916; x_wconf 88' lang='lat' dir='ltr'><strong>vis,</strong></span> <span class='ocrx_word' id='word_1_139' title='bbox 497 2824 595 2921; x_wconf 88' lang='lat' dir='ltr'><strong>stylo</strong></span> <span class='ocrx_word' id='word_1_140' title='bbox 616 2825 863 2920; x_wconf 78' lang='lat' dir='ltr'><strong>persistente,</strong></span> <span class='ocrx_word' id='word_1_141' title='bbox 887 2851 953 2902; x_wconf 90' lang='lat' dir='ltr'><strong>seu</strong></span> <span class='ocrx_word' id='word_1_142' title='bbox 979 2825 1249 2924; x_wconf 88' lang='lat' dir='ltr'><strong>dissepimento</strong></span> <span class='ocrx_word' id='word_1_143' title='bbox 1271 2829 1474 2926; x_wconf 85' lang='lat' dir='ltr'><strong>elongato,</strong></span> <span class='ocrx_word' id='word_1_144' title='bbox 1494 2839 1667 2903; x_wconf 90' lang='lat' dir='ltr'><strong>rostrata.</strong></span> <span class='ocrx_word' id='word_1_145' title='bbox 1701 2826 1870 2926; x_wconf 87' lang='lat' dir='ltr'><strong>Dissepi-</strong></span> 
     </span>
     <span class='ocr_line' id='line_1_21' title="bbox 398 2926 1871 3020; baseline 0.001 -22"><span class='ocrx_word' id='word_1_146' title='bbox 398 2937 567 2998; x_wconf 88' lang='lat' dir='ltr'><strong>mentum</strong></span> <span class='ocrx_word' id='word_1_147' title='bbox 599 2926 927 3018; x_wconf 85' lang='lat' dir='ltr'><strong>subcontrarium,</strong></span> <span class='ocrx_word' id='word_1_148' title='bbox 959 2927 1311 3017; x_wconf 82' lang='lat' dir='ltr'><strong>membranaceum,</strong></span> <span class='ocrx_word' id='word_1_149' title='bbox 1344 2926 1627 3020; x_wconf 90' lang='lat' dir='ltr'><strong>tenuissimum,</strong></span> <span class='ocrx_word' id='word_1_150' title='bbox 1659 2927 1871 3002; x_wconf 84' lang='lat' dir='ltr'><strong>serioeoal·</strong></span> 
     </span>
     <span class='ocr_line' id='line_1_22' title="bbox 397 3022 1874 3123; baseline 0.004 -28"><span class='ocrx_word' id='word_1_151' title='bbox 397 3023 512 3114; x_wconf 93' lang='lat' dir='ltr'><strong>bum,</strong></span> <span class='ocrx_word' id='word_1_152' title='bbox 533 3047 579 3098; x_wconf 85' lang='lat' dir='ltr'><strong>ex</strong></span> <span class='ocrx_word' id='word_1_153' title='bbox 602 3022 846 3120; x_wconf 85' lang='lat' dir='ltr'><strong>impressione</strong></span> <span class='ocrx_word' id='word_1_154' title='bbox 867 3023 1050 3100; x_wconf 87' lang='lat' dir='ltr'><strong>seminum</strong></span> <span class='ocrx_word' id='word_1_155' title='bbox 1072 3025 1389 3118; x_wconf 87' lang='lat' dir='ltr'><strong>scrobiculatum,</strong></span> <span class='ocrx_word' id='word_1_156' title='bbox 1409 3027 1491 3100; x_wconf 90' lang='lat' dir='ltr'><strong>basi</strong></span> <span class='ocrx_word' id='word_1_157' title='bbox 1512 3037 1552 3101; x_wconf 90' lang='lat' dir='ltr'><strong>et</strong></span> <span class='ocrx_word' id='word_1_158' title='bbox 1573 3029 1680 3123; x_wconf 89' lang='lat' dir='ltr'><strong>apice</strong></span> <span class='ocrx_word' id='word_1_159' title='bbox 1702 3029 1874 3101; x_wconf 87' lang='lat' dir='ltr'><strong>crassius·</strong></span> 
     </span>
     <span class='ocr_line' id='line_1_23' title="bbox 399 3123 1870 3224; baseline 0.003 -28"><span class='ocrx_word' id='word_1_160' title='bbox 399 3123 551 3215; x_wconf 90' lang='lat' dir='ltr'><strong>culum,</strong></span> <span class='ocrx_word' id='word_1_161' title='bbox 572 3123 827 3218; x_wconf 86' lang='lat' dir='ltr'><strong>cuneilorme,</strong></span> <span class='ocrx_word' id='word_1_162' title='bbox 849 3135 890 3200; x_wconf 83' lang='lat' dir='ltr'><strong>et</strong></span> <span class='ocrx_word' id='word_1_163' title='bbox 912 3126 1010 3199; x_wconf 86' lang='lat' dir='ltr'><strong>ultra</strong></span> <span class='ocrx_word' id='word_1_164' title='bbox 1030 3125 1155 3198; x_wconf 87' lang='lat' dir='ltr'><strong>valvas</strong></span> <span class='ocrx_word' id='word_1_165' title='bbox 1176 3125 1406 3224; x_wconf 88' lang='lat' dir='ltr'><strong>elongatum.</strong></span> <span class='ocrx_word' id='word_1_166' title='bbox 1435 3124 1565 3200; x_wconf 83' lang='lat' dir='ltr'><strong>Valvae</strong></span> <span class='ocrx_word' id='word_1_167' title='bbox 1587 3124 1870 3224; x_wconf 86' lang='lat' dir='ltr'><strong>longitudinali·</strong></span> 
     </span>
     <span class='ocr_line' id='line_1_24' title="bbox 400 3221 1871 3322; baseline 0.001 -26"><span class='ocrx_word' id='word_1_168' title='bbox 400 3234 458 3296; x_wconf 89' lang='lat' dir='ltr'><strong>ter</strong></span> <span class='ocrx_word' id='word_1_169' title='bbox 487 3221 764 3316; x_wconf 86' lang='lat' dir='ltr'><strong>subcarinatae,</strong></span> <span class='ocrx_word' id='word_1_170' title='bbox 797 3223 846 3300; x_wconf 87' lang='lat' dir='ltr'><strong>ad</strong></span> <span class='ocrx_word' id='word_1_171' title='bbox 868 3225 1013 3300; x_wconf 88' lang='lat' dir='ltr'><strong>semina</strong></span> <span class='ocrx_word' id='word_1_172' title='bbox 1044 3225 1243 3316; x_wconf 85' lang='lat' dir='ltr'><strong>torulosae‚</strong></span> <span class='ocrx_word' id='word_1_173' title='bbox 1274 3227 1352 3298; x_wconf 91' lang='lat' dir='ltr'><strong>basi</strong></span> <span class='ocrx_word' id='word_1_174' title='bbox 1387 3233 1532 3319; x_wconf 84' lang='lat' dir='ltr'><strong>acutae,</strong></span> <span class='ocrx_word' id='word_1_175' title='bbox 1565 3224 1673 3322; x_wconf 90' lang='lat' dir='ltr'><strong>apice</strong></span> <span class='ocrx_word' id='word_1_176' title='bbox 1703 3226 1871 3319; x_wconf 84' lang='lat' dir='ltr'><strong>obtusae,</strong></span> 
     </span>
     <span class='ocr_line' id='line_1_25' title="bbox 399 3321 1871 3421; baseline 0.001 -25"><span class='ocrx_word' id='word_1_177' title='bbox 399 3321 578 3420; x_wconf 84' lang='lat' dir='ltr'><strong>utrinque</strong></span> <span class='ocrx_word' id='word_1_178' title='bbox 599 3322 869 3419; x_wconf 88' lang='lat' dir='ltr'><strong>dissepimento</strong></span> <span class='ocrx_word' id='word_1_179' title='bbox 892 3323 1125 3416; x_wconf 74' lang='lat' dir='ltr'><strong>articulatas,</strong></span> <span class='ocrx_word' id='word_1_180' title='bbox 1147 3323 1377 3398; x_wconf 84' lang='lat' dir='ltr'><strong>dehiscendo</strong></span> <span class='ocrx_word' id='word_1_181' title='bbox 1398 3334 1537 3415; x_wconf 86' lang='lat' dir='ltr'><strong>rectae,</strong></span> <span class='ocrx_word' id='word_1_182' title='bbox 1569 3347 1693 3421; x_wconf 89' lang='lat' dir='ltr'><strong>neque</strong></span> <span class='ocrx_word' id='word_1_183' title='bbox 1716 3325 1871 3400; x_wconf 80' lang='lat' dir='ltr'><strong>clasticb</strong></span> 
     </span>
     <span class='ocr_line' id='line_1_26' title="bbox 401 3420 1873 3523; baseline 0 -26"><span class='ocrx_word' id='word_1_184' title='bbox 401 3420 628 3497; x_wconf 83' lang='lat' dir='ltr'><strong>desilientes.</strong></span> <span class='ocrx_word' id='word_1_185' title='bbox 655 3421 831 3497; x_wconf 85' lang='lat' dir='ltr'><strong>Rostrum</strong></span> <span class='ocrx_word' id='word_1_186' title='bbox 855 3448 1013 3520; x_wconf 89' lang='lat' dir='ltr'><strong>anceps,</strong></span> <span class='ocrx_word' id='word_1_187' title='bbox 1041 3425 1134 3498; x_wconf 87' lang='lat' dir='ltr'><strong>duas</strong></span> <span class='ocrx_word' id='word_1_188' title='bbox 1155 3423 1274 3497; x_wconf 87' lang='lat' dir='ltr'><strong>lineas</strong></span> <span class='ocrx_word' id='word_1_189' title='bbox 1296 3423 1372 3496; x_wconf 85' lang='lat' dir='ltr'><strong>iere</strong></span> <span class='ocrx_word' id='word_1_190' title='bbox 1394 3424 1569 3523; x_wconf 89' lang='lat' dir='ltr'><strong>longum,</strong></span> <span class='ocrx_word' id='word_1_191' title='bbox 1601 3425 1781 3522; x_wconf 85' lang='lat' dir='ltr'><strong>stigmate</strong></span> <span class='ocrx_word' id='word_1_192' title='bbox 1801 3425 1873 3518; x_wconf 79' lang='lat' dir='ltr'><strong>sic-</strong></span> 
     </span>
     <span class='ocr_line' id='line_1_27' title="bbox 401 3520 1873 3620; baseline 0.003 -26"><span class='ocrx_word' id='word_1_193' title='bbox 401 3546 448 3595; x_wconf 92' lang='lat' dir='ltr'><strong>co</strong></span> <span class='ocrx_word' id='word_1_194' title='bbox 469 3520 732 3608; x_wconf 88' lang='lat' dir='ltr'><strong>terminatum,</strong></span> <span class='ocrx_word' id='word_1_195' title='bbox 755 3547 853 3620; x_wconf 83' lang='lat' dir='ltr'><strong>saepe</strong></span> <span class='ocrx_word' id='word_1_196' title='bbox 876 3524 1024 3613; x_wconf 86' lang='lat' dir='ltr'><strong>sterile,</strong></span> <span class='ocrx_word' id='word_1_197' title='bbox 1046 3523 1232 3598; x_wconf 85' lang='lat' dir='ltr'><strong>interdum</strong></span> <span class='ocrx_word' id='word_1_198' title='bbox 1257 3523 1399 3597; x_wconf 73' lang='lat' dir='ltr'><strong>inferne</strong></span> <span class='ocrx_word' id='word_1_199' title='bbox 1422 3547 1730 3619; x_wconf 86' lang='lat' dir='ltr'><strong>monospermum.</strong></span> <span class='ocrx_word' id='word_1_200' title='bbox 1753 3522 1873 3598; x_wconf 92' lang='lat' dir='ltr'><strong>Semi·</strong></span> 
     </span>
     <span class='ocr_line' id='line_1_28' title="bbox 404 3620 1874 3721; baseline 0.001 -26"><span class='ocrx_word' id='word_1_201' title='bbox 404 3645 452 3695; x_wconf 90' lang='lat' dir='ltr'><strong>na</strong></span> <span class='ocrx_word' id='word_1_202' title='bbox 474 3620 655 3718; x_wconf 87' lang='lat' dir='ltr'><strong>plurima,</strong></span> <span class='ocrx_word' id='word_1_203' title='bbox 682 3647 731 3695; x_wconf 84' lang='lat' dir='ltr'><strong>ex</strong></span> <span class='ocrx_word' id='word_1_204' title='bbox 753 3625 907 3721; x_wconf 82' lang='lat' dir='ltr'><strong>triginta</strong></span> <span class='ocrx_word' id='word_1_205' title='bbox 928 3623 977 3696; x_wconf 89' lang='lat' dir='ltr'><strong>ad</strong></span> <span class='ocrx_word' id='word_1_206' title='bbox 999 3621 1299 3720; x_wconf 87' lang='lat' dir='ltr'><strong>quinquaginta,</strong></span> <span class='ocrx_word' id='word_1_207' title='bbox 1332 3647 1467 3719; x_wconf 86' lang='lat' dir='ltr'><strong>parva,</strong></span> <span class='ocrx_word' id='word_1_208' title='bbox 1493 3621 1794 3721; x_wconf 90' lang='lat' dir='ltr'><strong>globosiuscula,</strong></span> <span class='ocrx_word' id='word_1_209' title='bbox 1826 3647 1874 3696; x_wconf 83' lang='lat' dir='ltr'><strong>ex</strong></span> 
     </span>
     <span class='ocr_line' id='line_1_29' title="bbox 403 3720 1846 3828; baseline 0.002 -34"><span class='ocrx_word' id='word_1_210' title='bbox 403 3721 508 3796; x_wconf 86' lang='lat' dir='ltr'><strong>lusco</strong></span> <span class='ocrx_word' id='word_1_211' title='bbox 530 3722 634 3815; x_wconf 86' lang='lat' dir='ltr'><strong>ruia,</strong></span> <span class='ocrx_word' id='word_1_212' title='bbox 662 3721 921 3828; x_wconf 87' lang='lat' dir='ltr'><strong>dissepimenti</strong></span> <span class='ocrx_word' id='word_1_213' title='bbox 940 3720 1101 3822; x_wconf 85' lang='lat' dir='ltr'><strong>margini</strong></span> <span class='ocrx_word' id='word_1_214' title='bbox 1122 3721 1281 3796; x_wconf 84' lang='lat' dir='ltr'><strong>fililormi</strong></span> <span class='ocrx_word' id='word_1_215' title='bbox 1302 3721 1579 3796; x_wconf 87' lang='lat' dir='ltr'><strong>intervalvutari</strong></span> <span class='ocrx_word' id='word_1_216' title='bbox 1604 3720 1846 3797; x_wconf 82' lang='lat' dir='ltr'><strong>adhaerentia.</strong></span> 
     </span>
    </p>
   </div>
   <div class='ocr_carea' id='block_1_8' title="bbox 357 3919 1878 4317">
    <p class='ocr_par' dir='ltr' id='par_1_8' title="bbox 357 3919 1877 4216">
     <span class='ocr_line' id='line_1_30' title="bbox 357 3919 1873 4012; baseline -0.001 -17"><span class='ocrx_word' id='word_1_217' title='bbox 357 3920 541 3995; x_wconf 76' lang='lat' dir='ltr'><strong>Hsnrrs&#39;r</strong></span> <span class='ocrx_word' id='word_1_218' title='bbox 566 3919 604 3994; x_wconf 94' lang='lat' dir='ltr'><strong>in</strong></span> <span class='ocrx_word' id='word_1_219' title='bbox 625 3919 718 3994; x_wconf 90' lang='lat' dir='ltr'><strong>locis</strong></span> <span class='ocrx_word' id='word_1_220' title='bbox 737 3920 900 4012; x_wconf 83' lang='lat' dir='ltr'><strong>saxosis,</strong></span> <span class='ocrx_word' id='word_1_221' title='bbox 933 3919 1065 4008; x_wconf 80' lang='lat' dir='ltr'><strong>aridis,</strong></span> <span class='ocrx_word' id='word_1_222' title='bbox 1097 3919 1286 3995; x_wconf 88' lang='lat' dir='ltr'><strong>interdum</strong></span> <span class='ocrx_word' id='word_1_223' title='bbox 1310 3919 1425 3994; x_wconf 87' lang='lat' dir='ltr'><strong>etiam</strong></span> <span class='ocrx_word' id='word_1_224' title='bbox 1458 3919 1496 3993; x_wconf 95' lang='lat' dir='ltr'><strong>in</strong></span> <span class='ocrx_word' id='word_1_225' title='bbox 1517 3919 1774 4012; x_wconf 90' lang='lat' dir='ltr'><strong>subbumidis‚</strong></span> <span class='ocrx_word' id='word_1_226' title='bbox 1797 3928 1873 3996; x_wconf 88' lang='lat' dir='ltr'><strong>tam</strong></span> 
     </span>
     <span class='ocr_line' id='line_1_31' title="bbox 406 4019 1877 4120; baseline 0.001 -28"><span class='ocrx_word' id='word_1_227' title='bbox 406 4019 560 4096; x_wconf 92' lang='lat' dir='ltr'><strong>incultis</strong></span> <span class='ocrx_word' id='word_1_228' title='bbox 591 4019 703 4118; x_wconf 73' lang='lat' dir='ltr'><strong>quam</strong></span> <span class='ocrx_word' id='word_1_229' title='bbox 734 4021 867 4110; x_wconf 69' lang='lat' dir='ltr'><strong>cultis,</strong></span> <span class='ocrx_word' id='word_1_230' title='bbox 900 4019 998 4094; x_wconf 88' lang='lat' dir='ltr'><strong>circa</strong></span> <span class='ocrx_word' id='word_1_231' title='bbox 1020 4019 1273 4120; x_wconf 89' lang='lat' dir='ltr'><strong>Olisiponem,</strong></span> <span class='ocrx_word' id='word_1_232' title='bbox 1305 4019 1585 4094; x_wconf 89' lang='lat' dir='ltr'><strong>Conimbricam</strong></span> <span class='ocrx_word' id='word_1_233' title='bbox 1619 4031 1659 4093; x_wconf 88' lang='lat' dir='ltr'><strong>et</strong></span> <span class='ocrx_word' id='word_1_234' title='bbox 1688 4019 1780 4092; x_wconf 90' lang='lat' dir='ltr'><strong>alibi</strong></span> <span class='ocrx_word' id='word_1_235' title='bbox 1811 4044 1877 4116; x_wconf 88' lang='lat' dir='ltr'><strong>per</strong></span> 
     </span>
     <span class='ocr_line' id='line_1_32' title="bbox 407 4118 1876 4216; baseline -0.001 -24"><span class='ocrx_word' id='word_1_236' title='bbox 407 4144 536 4192; x_wconf 88' lang='lat' dir='ltr'><strong>omnes</strong></span> <span class='ocrx_word' id='word_1_237' title='bbox 556 4121 635 4194; x_wconf 88' lang='lat' dir='ltr'><strong>fere</strong></span> <span class='ocrx_word' id='word_1_238' title='bbox 656 4119 864 4195; x_wconf 76' lang='lat' dir='ltr'><strong>Lusitaniae</strong></span> <span class='ocrx_word' id='word_1_239' title='bbox 886 4119 1104 4216; x_wconf 81' lang='lat' dir='ltr'><strong>provincias.</strong></span> <span class='ocrx_word' id='word_1_240' title='bbox 1129 4119 1257 4194; x_wconf 87' lang='lat' dir='ltr'><strong>Floret</strong></span> <span class='ocrx_word' id='word_1_241' title='bbox 1279 4133 1480 4208; x_wconf 88' lang='lat' dir='ltr'><strong>autumno,</strong></span> <span class='ocrx_word' id='word_1_242' title='bbox 1511 4132 1551 4192; x_wconf 91' lang='lat' dir='ltr'><strong>et</strong></span> <span class='ocrx_word' id='word_1_243' title='bbox 1573 4118 1774 4214; x_wconf 82' lang='lat' dir='ltr'><strong>praesertim</strong></span> <span class='ocrx_word' id='word_1_244' title='bbox 1799 4118 1876 4191; x_wconf 86' lang='lat' dir='ltr'><strong>hie·</strong></span> 
     </span>
    </p>

    <p class='ocr_par' dir='ltr' id='par_1_9' title="bbox 381 4218 1878 4317">
     <span class='ocr_line' id='line_1_33' title="bbox 381 4218 1878 4317; baseline 0.001 -27"><span class='ocrx_word' id='word_1_245' title='bbox 381 4283 384 4289; x_wconf 91' lang='lat'>.</span> <span class='ocrx_word' id='word_1_246' title='bbox 408 4243 469 4292; x_wconf 89' lang='lat' dir='ltr'><strong>me</strong></span> <span class='ocrx_word' id='word_1_247' title='bbox 493 4222 680 4317; x_wconf 91' lang='lat' dir='ltr'><strong>usquead</strong></span> <span class='ocrx_word' id='word_1_248' title='bbox 707 4245 790 4310; x_wconf 83' lang='lat' dir='ltr'><strong>ver,</strong></span> <span class='ocrx_word' id='word_1_249' title='bbox 812 4220 928 4294; x_wconf 88' lang='lat' dir='ltr'><strong>rarius</strong></span> <span class='ocrx_word' id='word_1_250' title='bbox 948 4229 1103 4308; x_wconf 86' lang='lat' dir='ltr'><strong>aestate3</strong></span> <span class='ocrx_word' id='word_1_251' title='bbox 1126 4219 1314 4293; x_wconf 86' lang='lat' dir='ltr'><strong>interdurn</strong></span> <span class='ocrx_word' id='word_1_252' title='bbox 1339 4218 1532 4293; x_wconf 89' lang='lat' dir='ltr'><strong>individua</strong></span> <span class='ocrx_word' id='word_1_253' title='bbox 1553 4219 1694 4315; x_wconf 87' lang='lat' dir='ltr'><strong>aliquot</strong></span> <span class='ocrx_word' id='word_1_254' title='bbox 1716 4229 1797 4291; x_wconf 89' lang='lat' dir='ltr'><strong>toto</strong></span> <span class='ocrx_word' id='word_1_255' title='bbox 1818 4243 1878 4292; x_wconf 84' lang='lat' dir='ltr'><strong>an·</strong></span> 
     </span>
    </p>
   </div>
   <div class='ocr_carea' id='block_1_9' title="bbox 408 4317 1875 4525">
    <p class='ocr_par' dir='ltr' id='par_1_10' title="bbox 408 4317 1875 4525">
     <span class='ocr_line' id='line_1_34' title="bbox 408 4317 1875 4411; baseline 0 -19"><span class='ocrx_word' id='word_1_256' title='bbox 408 4319 446 4392; x_wconf 90' lang='lat' dir='ltr'><strong>ni</strong></span> <span class='ocrx_word' id='word_1_257' title='bbox 476 4320 664 4392; x_wconf 88' lang='lat' dir='ltr'><strong>curriculo</strong></span> <span class='ocrx_word' id='word_1_258' title='bbox 693 4319 864 4394; x_wconf 86' lang='lat' dir='ltr'><strong>florentia</strong></span> <span class='ocrx_word' id='word_1_259' title='bbox 893 4328 1107 4394; x_wconf 87' lang='lat' dir='ltr'><strong>occurrunt.</strong></span> <span class='ocrx_word' id='word_1_260' title='bbox 1138 4321 1341 4411; x_wconf 87' lang='lat' dir='ltr'><strong>Annuum,</strong></span> <span class='ocrx_word' id='word_1_261' title='bbox 1366 4329 1435 4391; x_wconf 92' lang='lat' dir='ltr'><strong>aut</strong></span> <span class='ocrx_word' id='word_1_262' title='bbox 1465 4317 1615 4396; x_wconf 90' lang='lat' dir='ltr'><strong>bienne.</strong></span> <span class='ocrx_word' id='word_1_263' title='bbox 1650 4317 1875 4410; x_wconf 89' lang='lat' dir='ltr'><strong>lnodorum,</strong></span> 
     </span>
     <span class='ocr_line' id='line_1_35' title="bbox 409 4420 886 4525; baseline 0.006 -34"><span class='ocrx_word' id='word_1_264' title='bbox 409 4420 581 4493; x_wconf 87' lang='lat' dir='ltr'><strong>subaore.</strong></span> <span class='ocrx_word' id='word_1_265' title='bbox 609 4420 705 4525; x_wconf 82' lang='lat' dir='ltr'><strong>Usus</strong></span> <span class='ocrx_word' id='word_1_266' title='bbox 725 4423 886 4517; x_wconf 88' lang='lat' dir='ltr'><strong>ignotus.</strong></span> 
     </span>
    </p>
   </div>
   <div class='ocr_carea' id='block_1_10' title="bbox 363 4613 1882 5713">
    <p class='ocr_par' dir='ltr' id='par_1_11' title="bbox 363 4613 1882 5713">
     <span class='ocr_line' id='line_1_36' title="bbox 363 4613 1879 4714; baseline -0.001 -26"><span class='ocrx_word' id='word_1_267' title='bbox 363 4614 452 4691; x_wconf 89' lang='lat' dir='ltr'><strong>Ons.</strong></span> <span class='ocrx_word' id='word_1_268' title='bbox 478 4615 632 4714; x_wconf 88' lang='lat' dir='ltr'><strong>Species</strong></span> <span class='ocrx_word' id='word_1_269' title='bbox 654 4615 762 4690; x_wconf 88' lang='lat' dir='ltr'><strong>nimis</strong></span> <span class='ocrx_word' id='word_1_270' title='bbox 782 4615 898 4690; x_wconf 87' lang='lat' dir='ltr'><strong>affinis</strong></span> <span class='ocrx_word' id='word_1_271' title='bbox 922 4616 1146 4712; x_wconf 88' lang='lat' dir='ltr'><strong>Sinapibus,</strong></span> <span class='ocrx_word' id='word_1_272' title='bbox 1179 4625 1219 4690; x_wconf 90' lang='lat' dir='ltr'><strong>et</strong></span> <span class='ocrx_word' id='word_1_273' title='bbox 1239 4617 1286 4690; x_wconf 85' lang='lat' dir='ltr'><strong>ab</strong></span> <span class='ocrx_word' id='word_1_274' title='bbox 1309 4615 1381 4689; x_wconf 89' lang='lat' dir='ltr'><strong>illis</strong></span> <span class='ocrx_word' id='word_1_275' title='bbox 1403 4624 1551 4689; x_wconf 85' lang='lat' dir='ltr'><strong>tantum</strong></span> <span class='ocrx_word' id='word_1_276' title='bbox 1575 4613 1753 4688; x_wconf 84' lang='lat' dir='ltr'><strong>distincta</strong></span> <span class='ocrx_word' id='word_1_277' title='bbox 1774 4613 1879 4690; x_wconf 90' lang='lat' dir='ltr'><strong>vide·</strong></span> 
     </span>
     <span class='ocr_line' id='line_1_37' title="bbox 411 4713 1879 4814; baseline -0.001 -26"><span class='ocrx_word' id='word_1_278' title='bbox 411 4727 473 4790; x_wconf 92' lang='lat' dir='ltr'><strong>tur</strong></span> <span class='ocrx_word' id='word_1_279' title='bbox 494 4717 627 4814; x_wconf 88' lang='lat' dir='ltr'><strong>petalis</strong></span> <span class='ocrx_word' id='word_1_280' title='bbox 646 4716 1147 4798; x_wconf 86' lang='lat' dir='ltr'><strong>obovato-cuneifurmibus,</strong></span> <span class='ocrx_word' id='word_1_281' title='bbox 1168 4741 1234 4788; x_wconf 87' lang='lat' dir='ltr'><strong>seu</strong></span> <span class='ocrx_word' id='word_1_282' title='bbox 1260 4715 1445 4812; x_wconf 89' lang='lat' dir='ltr'><strong>usquead</strong></span> <span class='ocrx_word' id='word_1_283' title='bbox 1471 4713 1650 4812; x_wconf 90' lang='lat' dir='ltr'><strong>unguium</strong></span> <span class='ocrx_word' id='word_1_284' title='bbox 1677 4717 1779 4787; x_wconf 86' lang='lat' dir='ltr'><strong>basin</strong></span> <span class='ocrx_word' id='word_1_285' title='bbox 1802 4737 1879 4786; x_wconf 89' lang='lat' dir='ltr'><strong>sen·</strong></span> 
     </span>
     <span class='ocr_line' id='line_1_38' title="bbox 411 4813 1880 4913; baseline -0.003 -25"><span class='ocrx_word' id='word_1_286' title='bbox 411 4815 477 4889; x_wconf 88' lang='lat' dir='ltr'><strong>sim</strong></span> <span class='ocrx_word' id='word_1_287' title='bbox 501 4815 783 4892; x_wconf 84' lang='lat' dir='ltr'><strong>cuneilormiter</strong></span> <span class='ocrx_word' id='word_1_288' title='bbox 804 4815 1012 4889; x_wconf 87' lang='lat' dir='ltr'><strong>attenuatis</strong></span> <span class='ocrx_word' id='word_1_289' title='bbox 1032 4837 1102 4887; x_wconf 88' lang='lat' dir='ltr'><strong>nec</strong></span> <span class='ocrx_word' id='word_1_290' title='bbox 1125 4814 1237 4888; x_wconf 88' lang='lat' dir='ltr'><strong>rectis</strong></span> <span class='ocrx_word' id='word_1_291' title='bbox 1262 4815 1469 4913; x_wconf 90' lang='lat' dir='ltr'><strong>unguibus;</strong></span> <span class='ocrx_word' id='word_1_292' title='bbox 1492 4839 1577 4886; x_wconf 87' lang='lat' dir='ltr'><strong>uam</strong></span> <span class='ocrx_word' id='word_1_293' title='bbox 1600 4813 1748 4886; x_wconf 83' lang='lat' dir='ltr'><strong>oaeteris</strong></span> <span class='ocrx_word' id='word_1_294' title='bbox 1768 4813 1880 4885; x_wconf 91' lang='lat' dir='ltr'><strong>omni·</strong></span> 
     </span>
     <span class='ocr_line' id='line_1_39' title="bbox 411 4913 1878 5015; baseline -0.003 -25"><span class='ocrx_word' id='word_1_295' title='bbox 411 4917 481 4990; x_wconf 90' lang='lat' dir='ltr'><strong>bus</strong></span> <span class='ocrx_word' id='word_1_296' title='bbox 510 4917 610 4990; x_wconf 90' lang='lat' dir='ltr'><strong>notis</strong></span> <span class='ocrx_word' id='word_1_297' title='bbox 641 4914 828 5015; x_wconf 87' lang='lat' dir='ltr'><strong>genericis</strong></span> <span class='ocrx_word' id='word_1_298' title='bbox 856 4913 1018 5004; x_wconf 90' lang='lat' dir='ltr'><strong>similis,</strong></span> <span class='ocrx_word' id='word_1_299' title='bbox 1049 4915 1180 5010; x_wconf 87' lang='lat' dir='ltr'><strong>calyce</strong></span> <span class='ocrx_word' id='word_1_300' title='bbox 1210 4914 1358 4988; x_wconf 88' lang='lat' dir='ltr'><strong>scilicet</strong></span> <span class='ocrx_word' id='word_1_301' title='bbox 1387 4913 1606 5010; x_wconf 77' lang='lat' dir='ltr'><strong>corollthue</strong></span> <span class='ocrx_word' id='word_1_302' title='bbox 1639 4913 1878 5007; x_wconf 85' lang='lat' dir='ltr'><strong>patentibus,</strong></span> 
     </span>
     <span class='ocr_line' id='line_1_40' title="bbox 414 5011 1878 5114; baseline -0.003 -25"><span class='ocrx_word' id='word_1_303' title='bbox 414 5016 598 5114; x_wconf 83' lang='lat' dir='ltr'><strong>glandulis</strong></span> <span class='ocrx_word' id='word_1_304' title='bbox 620 5027 784 5114; x_wconf 91' lang='lat' dir='ltr'><strong>quatuor</strong></span> <span class='ocrx_word' id='word_1_305' title='bbox 812 5013 914 5088; x_wconf 88' lang='lat' dir='ltr'><strong>circa</strong></span> <span class='ocrx_word' id='word_1_306' title='bbox 938 5013 1064 5108; x_wconf 86' lang='lat' dir='ltr'><strong>pistilli</strong></span> <span class='ocrx_word' id='word_1_307' title='bbox 1095 5012 1224 5102; x_wconf 90' lang='lat' dir='ltr'><strong>basin,</strong></span> <span class='ocrx_word' id='word_1_308' title='bbox 1256 5015 1351 5108; x_wconf 90' lang='lat' dir='ltr'><strong>stylo</strong></span> <span class='ocrx_word' id='word_1_309' title='bbox 1378 5013 1502 5088; x_wconf 87' lang='lat' dir='ltr'><strong>istius.</strong></span> <span class='ocrx_word' id='word_1_310' title='bbox 1536 5023 1576 5086; x_wconf 90' lang='lat' dir='ltr'><strong>et</strong></span> <span class='ocrx_word' id='word_1_311' title='bbox 1597 5023 1714 5085; x_wconf 88' lang='lat' dir='ltr'><strong>rostro</strong></span> <span class='ocrx_word' id='word_1_312' title='bbox 1734 5011 1878 5107; x_wconf 87' lang='lat' dir='ltr'><strong>siliquae</strong></span> 
     </span>
     <span class='ocr_line' id='line_1_41' title="bbox 414 5110 1881 5212; baseline -0.003 -24"><span class='ocrx_word' id='word_1_313' title='bbox 414 5117 497 5212; x_wconf 87' lang='lat' dir='ltr'><strong>plus</strong></span> <span class='ocrx_word' id='word_1_314' title='bbox 518 5116 685 5190; x_wconf 87' lang='lat' dir='ltr'><strong>minusve</strong></span> <span class='ocrx_word' id='word_1_315' title='bbox 709 5114 893 5188; x_wconf 89' lang='lat' dir='ltr'><strong>brevibus.</strong></span> <span class='ocrx_word' id='word_1_316' title='bbox 918 5113 989 5187; x_wconf 86' lang='lat' dir='ltr'><strong>Hae</strong></span> <span class='ocrx_word' id='word_1_317' title='bbox 1012 5127 1138 5186; x_wconf 83' lang='lat' dir='ltr'><strong>tamen</strong></span> <span class='ocrx_word' id='word_1_318' title='bbox 1160 5124 1260 5186; x_wconf 85' lang='lat' dir='ltr'><strong>notae</strong></span> <span class='ocrx_word' id='word_1_319' title='bbox 1282 5110 1569 5203; x_wconf 82' lang='lat' dir='ltr'><strong>differentiales,</strong></span> <span class='ocrx_word' id='word_1_320' title='bbox 1590 5112 1667 5210; x_wconf 88' lang='lat' dir='ltr'><strong>jam</strong></span> <span class='ocrx_word' id='word_1_321' title='bbox 1690 5135 1737 5184; x_wconf 86' lang='lat' dir='ltr'><strong>ex</strong></span> <span class='ocrx_word' id='word_1_322' title='bbox 1758 5113 1881 5184; x_wconf 88' lang='lat' dir='ltr'><strong>cunei·</strong></span> 
     </span>
     <span class='ocr_line' id='line_1_42' title="bbox 414 5209 1879 5314; baseline -0.004 -26"><span class='ocrx_word' id='word_1_323' title='bbox 414 5214 611 5300; x_wconf 82' lang='lat' dir='ltr'><strong>lormibus,</strong></span> <span class='ocrx_word' id='word_1_324' title='bbox 638 5216 716 5314; x_wconf 86' lang='lat' dir='ltr'><strong>jam</strong></span> <span class='ocrx_word' id='word_1_325' title='bbox 740 5239 787 5288; x_wconf 85' lang='lat' dir='ltr'><strong>ex</strong></span> <span class='ocrx_word' id='word_1_326' title='bbox 809 5211 922 5288; x_wconf 90' lang='lat' dir='ltr'><strong>rectis</strong></span> <span class='ocrx_word' id='word_1_327' title='bbox 947 5237 1012 5286; x_wconf 88' lang='lat' dir='ltr'><strong>seu</strong></span> <span class='ocrx_word' id='word_1_328' title='bbox 1035 5212 1239 5286; x_wconf 84' lang='lat' dir='ltr'><strong>linearibus</strong></span> <span class='ocrx_word' id='word_1_329' title='bbox 1261 5211 1453 5310; x_wconf 91' lang='lat' dir='ltr'><strong>unguibus</strong></span> <span class='ocrx_word' id='word_1_330' title='bbox 1475 5211 1707 5306; x_wconf 90' lang='lat' dir='ltr'><strong>petalorum,</strong></span> <span class='ocrx_word' id='word_1_331' title='bbox 1731 5209 1879 5282; x_wconf 87' lang='lat' dir='ltr'><strong>desum-</strong></span> 
     </span>
     <span class='ocr_line' id='line_1_43' title="bbox 415 5311 1881 5412; baseline -0.003 -24"><span class='ocrx_word' id='word_1_332' title='bbox 415 5326 490 5412; x_wconf 87' lang='lat' dir='ltr'><strong>ptae</strong></span> <span class='ocrx_word' id='word_1_333' title='bbox 512 5317 630 5389; x_wconf 88' lang='lat' dir='ltr'><strong>nullas</strong></span> <span class='ocrx_word' id='word_1_334' title='bbox 651 5313 918 5391; x_wconf 86' lang='lat' dir='ltr'><strong>determinatas</strong></span> <span class='ocrx_word' id='word_1_335' title='bbox 939 5325 1061 5386; x_wconf 87' lang='lat' dir='ltr'><strong>metas</strong></span> <span class='ocrx_word' id='word_1_336' title='bbox 1083 5311 1246 5402; x_wconf 89' lang='lat' dir='ltr'><strong>habent,</strong></span> <span class='ocrx_word' id='word_1_337' title='bbox 1266 5335 1366 5407; x_wconf 84' lang='lat' dir='ltr'><strong>saepe</strong></span> <span class='ocrx_word' id='word_1_338' title='bbox 1388 5311 1511 5400; x_wconf 90' lang='lat' dir='ltr'><strong>enim,</strong></span> <span class='ocrx_word' id='word_1_339' title='bbox 1534 5321 1576 5384; x_wconf 92' lang='lat' dir='ltr'><strong>nt</strong></span> <span class='ocrx_word' id='word_1_340' title='bbox 1597 5311 1634 5382; x_wconf 93' lang='lat' dir='ltr'><strong>in</strong></span> <span class='ocrx_word' id='word_1_341' title='bbox 1655 5311 1881 5406; x_wconf 86' lang='lat' dir='ltr'><strong>subsequen·</strong></span> 
     </span>
     <span class='ocr_line' id='line_1_44' title="bbox 416 5409 1880 5512; baseline -0.004 -23"><span class='ocrx_word' id='word_1_342' title='bbox 416 5429 455 5489; x_wconf 88' lang='lat' dir='ltr'><strong>te</strong></span> <span class='ocrx_word' id='word_1_343' title='bbox 476 5413 603 5512; x_wconf 87' lang='lat' dir='ltr'><strong>Sinapi</strong></span> <span class='ocrx_word' id='word_1_344' title='bbox 631 5415 787 5501; x_wconf 82' lang='lat' dir='ltr'><strong>incana,</strong></span> <span class='ocrx_word' id='word_1_345' title='bbox 818 5424 858 5486; x_wconf 90' lang='lat' dir='ltr'><strong>et</strong></span> <span class='ocrx_word' id='word_1_346' title='bbox 879 5413 1104 5510; x_wconf 89' lang='lat' dir='ltr'><strong>quibusdam</strong></span> <span class='ocrx_word' id='word_1_347' title='bbox 1137 5410 1220 5484; x_wconf 89' lang='lat' dir='ltr'><strong>aliis</strong></span> <span class='ocrx_word' id='word_1_348' title='bbox 1240 5412 1479 5500; x_wconf 83' lang='lat' dir='ltr'><strong>observatur,</strong></span> <span class='ocrx_word' id='word_1_349' title='bbox 1510 5410 1567 5482; x_wconf 85' lang='lat' dir='ltr'><strong>hae</strong></span> <span class='ocrx_word' id='word_1_350' title='bbox 1599 5411 1749 5507; x_wconf 83' lang='lat' dir='ltr'><strong>ungulae</strong></span> <span class='ocrx_word' id='word_1_351' title='bbox 1782 5409 1880 5483; x_wconf 85' lang='lat' dir='ltr'><strong>intra</strong></span> 
     </span>
     <span class='ocr_line' id='line_1_45' title="bbox 416 5507 1882 5613; baseline -0.005 -27"><span class='ocrx_word' id='word_1_352' title='bbox 416 5514 583 5611; x_wconf 88' lang='lat' dir='ltr'><strong>calycem</strong></span> <span class='ocrx_word' id='word_1_353' title='bbox 604 5536 723 5613; x_wconf 88' lang='lat' dir='ltr'><strong>usque</strong></span> <span class='ocrx_word' id='word_1_354' title='bbox 745 5514 792 5586; x_wconf 91' lang='lat' dir='ltr'><strong>ad</strong></span> <span class='ocrx_word' id='word_1_355' title='bbox 814 5510 942 5600; x_wconf 89' lang='lat' dir='ltr'><strong>basin,</strong></span> <span class='ocrx_word' id='word_1_356' title='bbox 964 5512 1045 5608; x_wconf 86' lang='lat' dir='ltr'><strong>plus</strong></span> <span class='ocrx_word' id='word_1_357' title='bbox 1066 5511 1233 5584; x_wconf 88' lang='lat' dir='ltr'><strong>minusve</strong></span> <span class='ocrx_word' id='word_1_358' title='bbox 1254 5509 1436 5600; x_wconf 83' lang='lat' dir='ltr'><strong>lineares,</strong></span> <span class='ocrx_word' id='word_1_359' title='bbox 1459 5510 1540 5605; x_wconf 93' lang='lat' dir='ltr'><strong>plus</strong></span> <span class='ocrx_word' id='word_1_360' title='bbox 1564 5509 1734 5582; x_wconf 88' lang='lat' dir='ltr'><strong>minusve</strong></span> <span class='ocrx_word' id='word_1_361' title='bbox 1756 5507 1882 5580; x_wconf 88' lang='lat' dir='ltr'><strong>cunei-</strong></span> 
     </span>
     <span class='ocr_line' id='line_1_46' title="bbox 417 5607 1881 5713; baseline -0.003 -29"><span class='ocrx_word' id='word_1_362' title='bbox 417 5615 553 5690; x_wconf 84' lang='lat' dir='ltr'><strong>sormcs</strong></span> <span class='ocrx_word' id='word_1_363' title='bbox 573 5625 680 5710; x_wconf 83' lang='lat' dir='ltr'><strong>sunt3</strong></span> <span class='ocrx_word' id='word_1_364' title='bbox 701 5621 932 5713; x_wconf 90' lang='lat' dir='ltr'><strong>quapropter</strong></span> <span class='ocrx_word' id='word_1_365' title='bbox 952 5609 1008 5684; x_wconf 87' lang='lat' dir='ltr'><strong>hae</strong></span> <span class='ocrx_word' id='word_1_366' title='bbox 1032 5617 1131 5686; x_wconf 81' lang='lat' dir='ltr'><strong>notae</strong></span> <span class='ocrx_word' id='word_1_367' title='bbox 1153 5609 1262 5686; x_wconf 89' lang='lat' dir='ltr'><strong>valde</strong></span> <span class='ocrx_word' id='word_1_368' title='bbox 1283 5621 1369 5684; x_wconf 85' lang='lat' dir='ltr'><strong>sunt</strong></span> <span class='ocrx_word' id='word_1_369' title='bbox 1391 5611 1579 5708; x_wconf 84' lang='lat' dir='ltr'><strong>ambiguae</strong></span> <span class='ocrx_word' id='word_1_370' title='bbox 1601 5619 1641 5684; x_wconf 92' lang='lat' dir='ltr'><strong>et</strong></span> <span class='ocrx_word' id='word_1_371' title='bbox 1661 5607 1881 5685; x_wconf 89' lang='lat' dir='ltr'><strong>insufficien-</strong></span> 
     </span>
    </p>
   </div>
   <div class='ocr_carea' id='block_1_11' title="bbox 0 0 2980 7188">
    <p class='ocr_par' dir='ltr' id='par_1_12' title="bbox 0 0 2980 7188">
     <span class='ocr_line' id='line_1_47' title="bbox 0 0 2980 7188; baseline 0 0"><span class='ocrx_word' id='word_1_372' title='bbox 0 0 2980 7188; x_wconf 95' lang='lat' dir='ltr'><strong> </strong></span> 
     </span>
    </p>
   </div>
  </div>
 </body>
</html>
