5860 7198
960 567 1238 636 nunninus»
1533 593 1540 612 ·
1615 509 1618 517 ⁵
1736 531 1834 638 185

383 754 567 831 ‘calcareis
587 749 691 830 circa
710 747 994 829 Conimbricam
1007 751 1298 866 ,Olisiponem,
1333 759 1375 828 et
1395 747 1520 831 alibi
1510 775 1548 828 m
1570 749 1707 842 Beira,
1731 752 1869 829 Extre-

384 856 565 946 madura,
588 854 852 951 Transtagand
872 863 913 926 et
936 852 1138 952 Algarbiis.
1162 852 1293 928 Floret
1314 861 1472 948 aeetate,
1500 859 1540 926 et
1562 864 1748 928 autumno
1770 831 1870 930 foliis

381 954 708 1131 jlaemeffilsiisccatis,
697 973 815 1052 ,quae
837 951 974 1053 hyeme
994 962 1268 1048 renascuntur,
1291 964 1332 1028 et
1354 977 1475 1054 usque
1496 951 1546 1029 ad
1561 953 1586 1028 J
1591 951 1710 1030 ulrum
1732 951 1867 1030 virent.

337 1256 436 1332 Haec
463 1252 610 1367 species
630 1250 792 1328 Carlinis
811 1251 922 1328 valde
944 1250 1083 1344 affinis;
1112 1251 1181 1327 sed
1205 1252 1254 1328 ab
1276 1251 1332 1327 eia
1351 1221 1559 1366 pracsertim
1581 1251 1707 1330 differt
1730 1251 1871 1349 calycis

383 1354 555 1454 squamis
577 1352 720 1428 intimis
740 1352 975 1428 flosculorum
1001 1352 1261 1465 longitudine,
1292 1365 1359 1428 aut
1379 1351 1441 1426 rix
1463 1354 1579 1450 paulo
1609 1351 1869 1466 longioribus,

386 1468 428 1530 et
447 1453 684 1530 flosculorum
706 1453 953 1550 receptaculo
974 1453 1086 1527 nullis
1106 1452 1198 1528 setis
1219 1451 1406 1528 clavatis
1397 1464 1596 1528 instructo.
1624 1451 1765 1526 Male
1755 1465 1873 1563 igitur

385 1581 409 1630 a
431 1552 621 1629 nonnuliis
641 1553 839 1628 autoribus
865 1577 952 1626 cum
974 1552 1130 1628 Carlina
1149 1553 1278 1628 occuli
1296 1551 1453 1628 confusa
1473 1565 1554 1649 est,
1589 1575 1675 1652 quae
1695 1549 1869 1649 nuspiam

384 1656 423 1731 in
444 1651 644 1730 Lusitania
662 1653 856 1746 occurrit,
882 1661 923 1727 et
945 1651 1100 1728 abunde
1121 1651 1276 1728 diversa.

334 1855 401 1936 Ex
427 1823 527 1928 collo
546 1849 710 1942 radicis,
735 1850 831 1928 soliis
852 1860 894 1928 et
913 1851 1151 1927 flosculorum
1174 1850 1417 1950 receptaculo
1438 1851 1562 1927 effluit
1584 1850 1726 1951 gummi
1749 1851 1871 1950 quod·

386 1957 472 2030 dam
496 1953 554 2026 sui
575 1951 746 2064 generis,
768 1949 994 2050 insipidum,
1017 1952 1156 2050 pallide
1176 1952 1339 2044 flavum
1371 1952 1501 2065 quod
1491 1951 1580 2050 rpsis
1601 1951 1792 2026 adhaeret:
1827 1951 1871 2027 il-

235 2089 237 2092 ·
385 2053 451 2132 lud
475 2051 669 2150 aucuparii
700 2051 906 2150 colligunt,
939 2077 1024 2126 cum
1048 2075 1133 2150 prce
1155 2050 1339 2146 miscent
1375 2061 1417 2126 et
1437 2075 1584 2126 vrscum
1617 2051 1666 2124 ad
1687 2075 1777 2124 aves
1806 2075 1870 2125 ca·

385 2153 545 2252 piendas
565 2158 710 2250 parant.
734 2150 863 2226 Radix
885 2159 1037 2243 tenera,
1072 2151 1129 2226 uti
1150 2149 1267 2226 ctiam
1289 2151 1527 2226 flosculorum
1557 2150 1872 2248 receptaculum,

388 2277 489 2450 dqua
509 2251 719 2428 ebuliliente
741 2259 878 2346 cocta,
898 2249 1040 2328 edulia:
1071 2250 1153 2350 ejus
1176 2275 1263 2327 usus
1283 2250 1477 2345 medicus,
1508 2249 1557 2324 de
1580 2274 1658 2348 quo
1681 2247 1873 2334 Dioscori÷

417 2377 457 2428 es
503 2362 679 2428 excetus
