5860 7198
937 532 1258 616 musra-amm
1757 515 1851 617 197

348 722 564 814 Saturnum
591 724 786 800 filamenta
807 724 1001 826 quinque,
1021 726 1217 826 patentia,
1240 727 1375 826 petalis
1393 717 1585 829 longiora:
1608 731 1775 806 antherae
1798 727 1888 810 suta

394 823 592 908 rotundus,
626 824 740 900 luteae
761 825 914 900 demum
948 827 1144 902 exalbidae.
1179 825 1310 902 Pistilli
1342 839 1498 928 germen
1528 816 1714 922 inferum,
1746 829 1887 909 obora*

396 938 502 1021 tum,
527 924 729 1018 striatum3
750 923 838 1025 styli
859 925 936 1000 duo
957 926 1190 1020 brevissimi,
1211 927 1356 1026 patuli3
1382 928 1564 1031 stigmata
1585 931 1736 1006 obtusa.

349 1127 533 1203 Fannius
559 1123 812 1222 bipartibilis,
835 1115 982 1226 glaber.
1005 1125 1160 1203 Semina
1180 1127 1282 1220 duo,
1303 1140 1543 1228 compressa,
1563 1127 1651 1204 hino
1674 1129 1809 1228 plana,
1831 1129 1887 1206 in-

396 1228 444 1301 de
466 1225 703 1318 convexula,
736 1225 1112 1320 evuli-subrutunda,
1144 1229 1252 1326 apice
1282 1231 1434 1331 integro
1463 1229 1568 1330 stylis
1592 1229 1885 1328 persistentibus

395 1337 600 1416 coronata,
632 1326 872 1426 marginibus
909 1326 1355 1422 alato-membrunao'ea,
1390 1333 1501 1408 dorso
1532 1329 1884 1430 quinquenosteta,

392 1427 510 1510 costis
532 1424 708 1502 omnibus
728 1426 899 1516 obtusis,
921 1425 1042 1502 tribus
1061 1426 1308 1510 interioribus
1328 1432 1411 1528 plus
1431 1429 1610 1518 elevatis,
1636 1431 1738 1506 inter
1758 1443 1886 1508 costas

395 1525 701 1626 quadrisulcata3
725 1525 764 1600 hi
786 1525 882 1602 sulci
903 1525 1113 1604 immaturis
1134 1527 1172 1604 in
1193 1529 1424 1624 seminibus,
1451 1530 1555 1608 lente
1576 1529 1667 1621 visi,
1689 1529 1883 1606 interdum

396 1626 617 1704 brevissime
649 1625 738 1702 alati
765 1635 875 1718 sunt,
905 1627 975 1701 sed
1005 1626 1075 1702 alae
1107 1628 1259 1706 demum
1290 1627 1329 1706 in
1351 1656 1484 1708 eorum
1515 1629 1627 1728 plena
1657 1631 1884 1708 maturitate

395 1727 550 1804 omnino
572 1725 785 1825 disparent;
807 1727 896 1802 ideo
917 1751 941 1800 a
962 1723 1186 1828 Laserpitiis
1205 1732 1468 1830 separandum.
1729 1750 1742 1765 ‘

346 1929 536 2006 Hrarrar
562 1925 600 2001 in
623 1927 790 2003 dumetis
812 1927 1027 2029 uliginosis,
1060 1929 1108 2004 ad
1131 1927 1288 2025 rivulos,
1321 1942 1515 2030 pratorum
1544 1933 1753 2032 margines,
1783 1932 1884 2008 etin

395 2029 478 2104 aliis
498 2025 589 2102 locis
611 2025 798 2121 humidis,
827 2041 904 2103 tam
927 2028 966 2104 in
987 2028 1099 2104 Beira
1123 2028 1237 2127 qudm
1269 2031 1308 2106 in
1331 2032 1611 2108 Extremadura
1641 2045 1682 2108 et
1702 2035 1885 2110 Transla-

395 2155 507 2228 gana.
530 2127 662 2204 Floret
683 2137 817 2206 aestate
840 2139 879 2208 et
901 2139 1097 2206 autumno.
1123 2131 1314 2208 Perennis.

347 2323 513 2404 Patara
543 2327 660 2418 acris,
694 2329 921 2419 subamara;
960 2327 1089 2427 pecori
1120 2337 1249 2404 tumen
1280 2355 1356 2406 non
1377 2332 1528 2432 ingrata
1557 2357 1640 2408 esse
1672 2331 1803 2408 fertur.
1838 2332 1884 2406 ln

393 2426 678 2502 Extremadura
700 2429 783 2526 ejus
803 2429 977 2505 loliorum
999 2429 1186 2504 siccorum
1208 2429 1371 2506 inlusum
1394 2456 1600 2530 aquosum,
1623 2433 1741 2506 instar
1751 2432 1883 2526 Theae,

360 2581 364 2590 ·
394 2525 433 2602 in
454 2550 586 2604 renum
609 2527 1093 2604 allectionibusoalculosis
1123 2529 1289 2623 stallis,
1321 2531 1512 2607 interdum
1546 2531 1754 2608 efficaciter
1778 2531 1884 2608 adiri⁴

394 2627 478 2702 beri
497 2629 605 2703 solet
626 2627 671 2704 ln
693 2628 807 2704 Beira
828 2628 936 2710 radix
967 2632 991 2704 d
1011 2628 1160 2725 rusticis
1181 2655 1246 2728 pro
1268 2631 1546 2725 masticatorio,
1575 2632 1662 2706 loeo
1686 2630 1884 2729 Pyrethri,

396 2726 445 2800 ad
466 2726 621 2802 salivam
641 2727 816 2806 ciendam
849 2729 1079 2830 doloresque
1103 2729 1273 2808 dentium
1298 2731 1436 2809 exinde
1458 2731 1669 2825 sedandos,
1701 2731 1783 2829 pari
1805 2730 1883 2806 effi·

397 2825 506 2903 cacia
529 2827 682 2906 usitata.
