5930 7126
1171 485 1244 588 601
1710 511 2098 582 nnrrocarsrnn.

1138 705 1350 780 Punicum
1377 697 1607 790 terminalis,
1632 695 1735 774 rachi
1758 708 1910 791 erecta,
1934 707 2011 774 tres
2031 695 2079 774 ad
2090 703 2238 796 septem
2262 693 2391 782 uncias
2412 697 2546 811 longa,
2565 702 2674 777 stria·

1187 813 1253 893 ta,
1280 799 1558 900 subaugulosa,
1581 797 1859 886 scabriuscula,
1884 798 2123 888 subramosa;
2149 795 2263 872 ramis
2282 796 2447 890 scabris,
2474 801 2671 897 rnaequali-

1188 904 1282 990 bus,
1306 901 1387 976 aliis
1406 898 1586 988 indivisis,
1609 897 1691 973 aliis
1712 899 1796 998 plus
1817 897 1993 973 minusve
2014 896 2154 993 divisis,
2178 895 2386 996 bispicatis,
2407 897 2614 996 trispicatis
2634 911 2674 976 et

1190 1005 1312 1090 ultra,
1338 1025 1438 1098 saepe
1471 999 1622 1073 duobus
1651 998 1700 1074 ad
1731 1009 1900 1098 quatuor
1929 1021 1978 1074 ex
2000 998 2124 1074 rachis
2153 995 2392 1072 inferioribus
2420 997 2530 1073 nodis
2562 998 2671 1075 simul

1189 1101 1490 1202 prodeuntibus,
1515 1099 1691 1173 omnibus
1716 1099 1755 1173 in
1776 1097 1925 1174 anthesi
1945 1124 2031 1174 cum
2053 1098 2207 1198 spiculis
2227 1097 2306 1173 late
2327 1099 2461 1197 sparsis
2479 1108 2521 1176 et
2539 1097 2674 1176 distan-

1187 1203 1317 1293 tibus,
1346 1199 1486 1275 deinde
1507 1197 1736 1294 contractis,
1760 1198 1870 1298 quasi
1889 1197 2079 1275 secundis.

1136 1405 1324 1478 Sarouon
1356 1399 1529 1497 plurimae
1558 1423 1660 1498 saepe
1693 1398 1851 1493 virides,
1876 1425 1960 1475 raro
1990 1399 2283 1499 subpurpureae,
2313 1400 2392 1474 late
2424 1400 2672 1492 lanceolate,

1186 1499 1556 1599 compressiusculae,
1579 1513 1657 1576 tres
1676 1501 1726 1576 ad
1747 1499 1921 1600 quinque
1942 1501 2022 1576 sere
2043 1500 2163 1576 lineas
2184 1499 2331 1614 longae,
2358 1499 2481 1576 aristis
2500 1525 2579 1575 non
2599 1525 2675 1600 sup

1187 1603 1354 1701 putatis,
1379 1625 1479 1698 saepe
1501 1600 1766 1698 quadriflorae,
1790 1599 1980 1675 nonnullae
2001 1600 2193 1676 interdum
2215 1601 2365 1676 trrlloroe
2387 1600 2425 1675 in
2448 1601 2586 1676 eadem
2609 1625 2672 1698 pa-

1186 1703 1337 1792 nicula,
1373 1726 1457 1776 raro
1489 1700 1763 1800 quinqueflorac
1796 1710 1863 1775 aut
1881 1701 2074 1792 sexflorae,
2101 1698 2261 1776 flosculis
2286 1699 2463 1788 alternis,
2494 1701 2672 1778 subdisti-

1186 1801 1267 1878 cbis
1279 1858 1289 1895 ,
1310 1801 1416 1876 rachi
1436 1803 1580 1876 scabrae
1601 1801 1687 1876 taxa
1709 1800 1888 1891 adbaesis3
1911 1825 2042 1876 omnes
2061 1801 2352 1899 pedunculstae3
2379 1799 2560 1899 pedicelli
2586 1801 2670 1877 viri-

1188 1903 1276 1992 des,
1303 1901 1580 1976 seusinterdum
1603 1902 1724 1975 dilute
1745 1900 1946 1998 purpurei,
1965 1900 2232 2000 sesquilinesm
2254 1900 2302 1976 ad
2325 1913 2402 1976 tres
2423 1899 2543 1976 lineas
2564 1911 2607 1976 et
2629 1903 2672 1976 ul-

1187 2015 1247 2076 tra
1267 2000 1393 2100 longi,
1423 2000 1647 2099 compressi,
1670 2001 1879 2099 ancipites,
1906 2023 1974 2076 seu
1994 1999 2268 2100 subtriquetri,
2294 2000 2431 2076 sensim
2451 2025 2597 2077 sursum
2621 2002 2672 2076 la·

1187 2102 1304 2178 tiores
1326 2112 1367 2176 et
1386 2103 1608 2194 crassiores,
1630 2100 1783 2202 angulis
1807 2101 2076 2194 scabriusculi,
2104 2101 2215 2201 apice
2236 2101 2374 2177 obtusi.

1139 2303 1286 2378 Gnuun
1316 2303 1490 2401 calycina
1510 2301 1690 2392 bivalvis;
1722 2302 1883 2378 valvulae
1905 2302 2225 2396 sublanceolatae,
2251 2301 2503 2392 acuminatae,
2528 2302 2671 2376 canali-

1187 2404 1350 2495 culatae,
1378 2403 1611 2502 marginibus
1631 2401 1803 2477 scariosae
1825 2403 2069 2504 glabraeque,
2097 2425 2212 2478 nervo
2233 2403 2370 2478 dorsali
2392 2401 2530 2478 virides
2556 2417 2598 2477 et
2620 2401 2671 2476 ibi

1187 2504 1352 2588 scabrae,
1390 2503 1498 2601 apice
1532 2503 1686 2578 muticae
1717 2501 1788 2578 etsi
1819 2503 1940 2602 rigide
1971 2503 2404 2594 ibidem‘mucronatae,
2436 2502 2670 2601 inaequales,

1188 2605 1261 2678 alia
1292 2616 1307 2694 ἑ
1337 2603 1506 2692 brevior,
1533 2603 1606 2683 alia
1627 2626 1728 2701 saepe
1749 2602 1906 2700 spiculae
1931 2603 2190 2704 longitudine,
2223 2603 2347 2678 aristis
2378 2626 2453 2676 non
2475 2613 2671 2700 computa-

1188 2703 1259 2794 tis,
1285 2703 1472 2778 rarissime
1492 2703 1556 2778 illd
1578 2702 1773 2800 paululum
1797 2703 1957 2782 brevior.
1976 2703 2137 2780 Corollae
2158 2702 2307 2778 valvula
2328 2701 2495 2776 exterior
2516 2703 2577 2777 axi
2595 2701 2671 2800 spi·

1188 2804 1284 2877 culae
1307 2803 1449 2878 nodoso
1470 2804 1631 2894 insessa,
1653 2802 1892 2894 lanceolata,
1916 2803 2191 2896 canaliculata,
2218 2804 2370 2903 glabra,
2397 2803 2509 2876 dorso
2531 2803 2675 2896 viridis,

1146 2949 1149 2958 ι
1185 2902 1327 2978 ibidem
1351 2903 1497 2978 interno
1519 2902 1623 2977 laevis
1643 2922 1805 3000 superne
1826 2903 1981 2995 scabra,
2006 2903 2240 3004 marginibus
2259 2902 2445 2994 scariosa,
2480 2915 2521 2977 et
2541 2902 2593 2977 ibi
2616 2902 2672 2976 iri-

1189 3003 1336 3078 terdnm
1360 3002 1559 3102 perpaucis
1590 3001 1673 3101 pilis
1696 3002 1847 3088 ciliata,
1882 3003 1990 3100 spice
2021 3004 2060 3078 iu
2082 3027 2301 3080 mucronem
2327 3003 2528 3078 scariosum
2559 3001 2669 3078 mini-

1186 3127 1289 3176 mum
1321 3103 1481 3178 bifidum
1504 3113 1571 3176 aut
1591 3101 1878 3203 integerrimum
1902 3103 2128 3196 terminata,
2154 3103 2251 3178 intra
2270 3102 2408 3195 istum,
2431 3103 2580 3179 aristam
2612 3129 2670 3177 re-

1188 3214 1313 3296 ctam,
1334 3205 1519 3298 scabram,
1542 3211 1619 3276 tres
1639 3213 1855 3300 quatuorve
1875 3202 1992 3276 lineas
2011 3204 2188 3304 longana,
2210 3214 2250 3278 ct
2270 3227 2420 3300 semper
2445 3203 2482 3278 ei
2503 3203 2671 3302 longitu-

1144 3347 1160 3390 ,·
1188 3303 1279 3376 dine
1299 3303 1510 3415 aequalem,
1533 3303 1730 3388 emittens:
1755 3302 1908 3381 valvula
1927 3301 2087 3380 interior
2107 3303 2220 3401 paulo
2240 3302 2414 3395 brevior,
2437 3302 2517 3378 lere
2537 3304 2671 3402 plana,

1186 3402 1298 3500 apice
1320 3404 1520 3495 bidentes,
1544 3403 1711 3495 mutica,
1738 3402 2382 3501 albido-membranacea,utroque
2403 3403 2575 3503 margine
2596 3429 2672 3480 ner·

1186 3504 1516 3578 voscabriusculo
1537 3501 1647 3578 viridi
1668 3502 1852 3603 praedita,
1878 3528 1962 3578 raro
1985 3502 2118 3602 ibique
2141 3503 2355 3580 subciliata

1137 3703 1261 3794 Sasu,
1292 3705 1488 3794 filamenta
1509 3703 1581 3793 tris
1601 3702 1808 3802 capillaria,
1828 3700 2077 3802 receptaculo
2097 3703 2198 3784 inter
2219 3703 2436 3782 nectarium·
2453 3714 2496 3780 et
2516 3727 2672 3808 germen

1191 3804 1344 3880 inserta.
1368 3805 1552 3878 Antherae
1573 3805 1713 3898 luteae,
1733 3803 1913 3900 lineares,
1937 3805 2142 3888 bifurcatae.
2167 3873 2170 3880 .
2278 3871 2281 3880 .

1136 4001 1384 4078 Nsornnrurr
1410 4004 1753 4102 bisquamulosum;
1784 4005 1992 4102 squamulae
2023 4029 2180 4095 crassae,
2218 4015 2367 4097 ovatae,
2399 4005 2668 4098 acutiuscula,

1187 4101 1420 4203 basigibbae,
1442 4103 1591 4198 albidae,
1613 4105 1766 4203 glabrae,
1788 4103 1966 4204 germinis
1987 4105 2240 4220 longitudine,
2261 4106 2404 4182 seuvix
2414 4133 2461 4182 eo
2472 4107 2670 4207 longiores.

1137 4302 1239 4478 Prsp.
1281 4303 1448 4379 Germen
1478 4303 1742 4400 turbinatum‚
1780 4304 1959 4380 albidum.
1991 4272 2086 4403 Styli
2117 4305 2193 4382 duo
2224 4305 2448 4415 brevissimi.
2479 4306 2672 4408 Stigmata

1156 4453 1162 4468 ι
1187 4427 1212 4501 p
1229 4427 1368 4480 umoss.
2116 4445 2119 4456 .

1137 4599 1429 4682 Psnrcsnmun
1455 4603 1608 4681 nulln'm.
1640 4603 1779 4680 Semen
1801 4606 1979 4699 unicum,
2007 4606 2070 4682 cui
2090 4607 2232 4684 corolla
2252 4617 2357 4684 arcte
2378 4607 2511 4682 clausa
2532 4607 2672 4681 adnas-

1144 4751 1166 4772 „
1186 4701 1306 4795 citur,
1343 4704 1508 4797 lineare,
1545 4705 1632 4783 hinc
1656 4731 1870 4782 convexum
1901 4707 1991 4782 inde
2015 4707 2290 4799 uuisulcatum,
2325 4707 2420 4781 duas
2441 4708 2559 4782 lineas
2590 4707 2673 4782 lon-

1143 4867 1148 4873 .
1185 4828 1276 4903 gum
1300 4815 1368 4878 aut
1388 4805 1501 4902 paulo
1525 4805 1644 4900 ultra,
1672 4805 1785 4883 arista
1807 4818 1848 4882 et
1865 4805 2043 4882 dentibus
2065 4807 2214 4882 corollae
2238 4807 2495 4881 terminatum.

1136 5003 1325 5079 Hnmrsr
1352 5002 1389 5077 in
1410 5003 1654 5098 siccioribus,
1688 5005 1735 5081 ad
1758 5004 1860 5098 vias,
1889 5016 1929 5082 et
1950 5030 2110 5106 aggeres
2129 5009 2307 5106 frequens
2333 5006 2434 5080 circa
2455 5005 2672 5080 Conimbri-

1185 5130 1291 5196 cam,
1318 5102 1553 5201 Olisiponem
1575 5117 1616 5181 et
1637 5103 1730 5180 alibi
1751 5105 1790 5180 in
1802 5104 1915 5181 Beira
1936 5118 1976 5181 et
1994 5107 2281 5182 Extremadura.
2305 5107 2445 5181 Floret.
2468 5130 2567 5218 vere.
2593 5113 2672 5180 An-

1143 5251 1146 5258 ι
1183 5229 1291 5290 nuus.
2502 5248 2506 5274 .

2451 5309 2497 5368 ..u

1135 5405 1304 5480 Pcsnrn
1331 5404 1459 5506 pecori
1481 5414 1631 5506 gratum
1653 5407 1838 5504 pabulum
1860 5381 2027 5507 praestat.

1132 5603 1229 5680 Ons.
1261 5606 1305 5680 l.'
1332 5603 1459 5680 Arista
1482 5582 1644 5682 corollae¹
1660 5632 1761 5682 nuuc
1792 5606 1830 5683 in
1852 5607 2040 5684 nonnullis
2060 5605 2220 5683 flosculis
2240 5607 2352 5707 bujus
2375 5608 2518 5707 speciei
2538 5631 2579 5682 re
2602 5632 2669 5682 ve·
