4916 7110
833 591 1110 660 nusrsaunn.
1141 544 1145 552 ⁵
1635 570 1700 660 49

278 797 324 877 a,
355 776 502 860 laciniis
519 776 674 854 corollae
704 772 853 852 reflexis
876 779 1071 876 opposita,
1101 773 1272 876 ejusdem·
1291 776 1393 854 sauci
1413 771 1575 868 ihserta,
1598 775 1734 878 ibique

250 805 506 963 decurrentia.
534 878 717 954 Antherae
747 874 1112 976 lineari-sagittatos,
1145 898 1393 973 compressae,
1427 874 1598 974 quinque
1618 901 1734 953 sexve

217 1043 220 1050 .
250 981 370 1056 lineas
390 981 535 1079 longua,
564 976 813 1066 biloculares,
844 977 1040 1068 caeruleae,
1071 999 1140 1052 sen
1162 996 1210 1050 ex
1231 974 1361 1051 albido
1381 975 1620 1066 caenulentas,
1654 997 1736 1052 ere·

252 1091 349 1171 ctae,
373 1079 530 1192 singula·
541 1076 694 1176 singulo
714 1075 885 1174 stigmati
906 1074 1077 1156 incubita
1098 1085 1138 1150 et
1158 1076 1231 1150 sub
1252 1077 1386 1152 eodem
1409 1074 1618 1152 recondita.
1642 1075 1738 1151 Gra·

86 1205 91 1296 ‘¹
157 1187 159 1192 ’
219 1205 302 1257 na
322 1181 474 1279 polliols
493 1177 742 1277 subgloboss,
771 1175 1019 1271 succulenta,
1050 1174 1225 1274 hyalina,
1256 1174 1452 1274 inaperta,
1486 1174 1639 1252 demum
1669 1201 1735 1253 ex·

250 1299 374 1362 dilcssfl'·
476 1323 480 1335 ¹
548 1319 551 1328 ·

204 1482 306 1560 Prsr.
333 1479 501 1559 German
524 1476 1000 1578 trigonocylindraceum,
1019 1477 1181 1576 superne
1203 1483 1467 1566 attenuatum,
1489 1499 1538 1552 ex
1557 1475 1669 1554 viridi
1690 1477 1735 1550 al-

254 1581 408 1673 bidum,
440 1579 611 1658 obsoletb
632 1579 895 1660 trisuleatnm.
928 1577 1192 1670 sexstriatum,
1223 1577 1393 1676 quinque
1409 1577 1472 1652 *ad
1494 1585 1585 1654 octo
1615 1577 1735 1650 lineas

219 1745 223 1750 .
252 1682 430 1780 longum,
462 1679 617 1758 corollae
633 1680 730 1754 tubo
751 1681 828 1753 sere
851 1677 963 1772 triplo
985 1679 1161 1770 brevius,
1195 1676 1296 1752 intra
1315 1676 1488 1775 spatham
1519 1676 1733 1752 subsessile.

219 1843 225 1852 .
254 1782 383 1879 Stylus
404 1777 671 1878 triangularis,
703 1777 803 1854 iutra
823 1777 974 1856 corollae
994 1777 1166 1868 faucem,
1197 1787 1364 1874 quatuor
1389 1778 1439 1852 ad
1459 1800 1527 1852 sex
1547 1776 1736 1852 linearum

254 1879 400 1979 spatio,
432 1880 599 1972 solutus,
628 1879 758 1976 postea
777 1876 874 1954 illius
895 1877 991 1952 tubo
1011 1877 1194 1966 coalitus,
1227 1887 1268 1952 et
1288 1877 1459 1976 ejusdem
1481 1875 1734 1978 longitudine.

241 1980 447 2079 ⁴Stigmata
469 1978 563 2070 tria,
595 1977 837 2076 petaloidea,
868 1976 1055 2076 oblonga,
1088 1975 1338 2070 sublinearis,
1368 1976 1560 2070 violacea,
1591 1974 1736 2053 laciniis

255 2079 400 2158 corollae
422 2078 592 2155 barbatis
612 2076 807 2175 opposito,
835 2077 882 2152 ad
904 2101 968 2150 eas
988 2087 1207 2168 recurvata,
1238 2076 1456 2176 eisdemque
1478 2075 1633 2161 dimidio
1654 2077 1734 2150 lere

253 2178 451 2270 breviora,
472 2187 582 2252 extus
601 2201 789 2266 concava,
812 2175 977 2252 antheris
996 2175 1278 2268 incumbentia,
1300 2175 1402 2252 intbs
1422 2175 1613 2266 carinula,
1634 2174 1733 2250 cari-

258 2305 309 2354 na
340 2279 447 2352 sulco
468 2277 583 2376 longo
603 2277 817 2376 marginato
838 2287 1017 2368 exaratn;
1045 2277 1250 2368 bilsbiats,
1278 2275 1382 2350 labio
1407 2275 1596 2352 exteriore
1628 2273 1738 2351 mini-

255 2401 340 2468 mo,
374 2376 436 2452 vix
455 2375 594 2450 lineam
624 2378 759 2475 longo,
791 2379 930 2452 obtuso
958 2377 1102 2475 absque
1134 2375 1438 2474 emnrginntnm,
1469 2375 1737 2450 albido—caeru·

254 2476 339 2570 leo,
359 2475 505 2552 laciniis
526 2475 773 2570 acuminatis,
795 2476 1008 2570 serrulatis,
1032 2501 1137 2576 saepe
1158 2477 1355 2552 introrsum
1379 2474 1497 2550 flexis.

208 2677 396 2754 'Cassum
423 2677 610 2776 oblonga,
631 2677 680 2752 ad
693 2675 874 2752 verticem
897 2646 1122 2776 angustata,¹
1142 2676 1313 2776 trigona,
1334 2675 1480 2776 angulis
1500 2667 1735 2768 rotundatis,

257 2777 475 2868 trisulcam,
506 2776 748 2868 trilocularis,
783 2776 970 2863 trivalvis,
1001 2779 1245 2875 polysperma.
1273 2774 1424 2850 Semina
1446 2775 1483 2850 in
1504 2775 1662 2875 singulis
1681 2777 1736 2850 lo·

86 2902 88 2948 r
222 2930 225 2940 ·
256 2877 353 2952 culis
371 2878 502 2975 plura,
535 2876 927 2970 ovato-subrotunda,
951 2878 1084 2970 fusca,
1105 2887 1171 2951 aut
1192 2873 1355 2975 pallida,
1377 2875 1610 2976 subrugosa3
1641 2899 1735 2950 non·

256 2977 362 3053 nulla
381 2977 588 3052 abortiunt.

210 3169 398 3256 Hunrrsr
420 3201 525 3275 saepo
544 3176 584 3252 in
605 3177 760 3275 rupibus
781 3177 981 3268 calcareis,
1003 3177 1063 3254 vel
1084 3177 1161 3253 solo
1182 3175 1271 3274 ipsis
1290 3175 1438 3268 vicino,
1469 3173 1587 3250 rarius
1617 3173 1657 3250 iu
1678 3199 1736 3251 ar·

257 3275 335 3368 vis,
365 3278 468 3351 circa
488 3276 793 3371 Conimbricam,
825 3277 1057 3374 Olisiponem
1087 3301 1208 3376 usque
1238 3277 1287 3351 ad
1312 3278 1484 3364 Ouscocs,
1517 3275 1736 3368 Alicodra,

265 3373 366 3452 Villa
387 3375 550 3463 Franco,
564 3375 613 3450 ad
632 3378 808 3476 Tagum,
838 3387 879 3450 et
899 3375 990 3450 alibi
1010 3376 1048 3450 in
1071 3376 1349 3452 Extremadura
1379 3385 1420 3450 et
1443 3374 1569 3450 Beira.
1604 3375 1737 3450 Floret

258 3474 298 3550 in
319 3475 433 3552 Beira
452 3501 551 3576 saepe
572 3477 801 3575 praecocius,
823 3475 1033 3552 Novembri
1052 3475 1200 3551 scilicet
1223 3487 1264 3552 et
1279 3475 1506 3564 Decembri,
1526 3475 1646 3550 serius
1666 3473 1737 3548 cir-

261 3601 309 3750 pp
330 3575 587 3690 Olisiponem,
617 3575 801 3652 Jauuario
819 3599 977 3676 nempe,
1010 3575 1241 3671 Februario,
1272 3573 1414 3652 Martio
1436 3585 1477 3652 et
1497 3573 1595 3650 veris
1613 3572 1734 3650 initio.

293 3699 452 3752 erennrs.

211 3873 243 3954 F
246 3898 370 3952 conns
394 3875 663 3974 Tinctoribus,
684 3875 833 3953 radices
850 3875 1016 3952 Medicis
1037 3875 1075 3952 in
1097 3901 1167 3952 usu
1189 3885 1290 3954 sunt.

210 4076 302 4152 Oas.
334 4075 379 4152 1.·
406 4076 450 4152 ln
472 4075 543 4150 hac
563 4077 690 4174 specie
712 4076 877 4152 maxima
897 4075 1178 4152 individuorum
1212 4099 1296 4175 pars
1318 4073 1472 4152 unicum
1501 4075 1649 4152 tantum
1671 4076 1739 4152 flo-

259 4203 339 4253 rem
360 4176 397 4250 in
418 4175 494 4250 suis
514 4177 711 4271 caulibus,
735 4187 775 4250 et
795 4175 893 4252 huuc
914 4177 1031 4250 semel
1054 4176 1093 4252 in
1115 4201 1215 4253 anno
1237 4177 1275 4251 in
1297 4176 1495 4252 Lusitania
1514 4179 1611 4266 fert3
1644 4202 1737 4250 non-

259 4277 364 4352 nulla
385 4287 513 4351 tamen
535 4277 731 4352 individua
756 4276 856 4354 inter
876 4276 1172 4376 quamplurima,
1204 4301 1290 4374 quae
1315 4276 1473 4351 uniflora
1492 4286 1600 4365 sunt,
1632 4273 1739 4349 habi-

260 4377 381 4452 tantia
403 4374 497 4450 duos
518 4377 627 4450 flores
652 4375 842 4452 interdum
874 4375 911 4454 in
933 4375 1069 4451 eodem
1092 4377 1202 4450 caule
1225 4377 1472 4472 protrudunt;
1504 4376 1578 4451 alia
1602 4385 1738 4472 praete-

259 4500 326 4551 rea
345 4489 455 4565 suut,
482 4501 567 4573 quas
587 4476 646 4551 bis
667 4475 706 4551 in
727 4501 847 4568 anno,
880 4476 949 4551 hoc
972 4487 1051 4561 est,
1082 4475 1121 4548 in
1142 4476 1309 4574 ejusdem
1334 4476 1422 4550 anni
1446 4475 1593 4551 duabus
1614 4475 1737 4548 diver-

257 4574 307 4651 sis
329 4576 637 4671 tempestatibus,
662 4589 702 4650 et
721 4575 759 4650 in
780 4574 950 4650 caulibus
971 4574 1125 4650 diversis
1146 4574 1350 4673 aliqnando
1372 4575 1531 4665 florent,
1564 4575 1631 4649 sed
1654 4573 1734 4650 haec

257 4673 417 4750 rariora:
441 4687 671 4772 quapropter
690 4673 855 4772 speciem
874 4675 1001 4774 potilrs
1019 4673 1277 4775 subdzflorcm,
1300 4677 1413 4774 quslm
1433 4673 1627 4775 bssoram,
1650 4697 1736 4748 esse

263 4773 463 4850 dicendam
486 4773 710 4848 existimavi.
1288 4773 1297 4792 '

211 4931 305 5053 Oes,
335 4974 386 5048 2.·
412 4971 547 5048 Variat
579 4972 681 5047 circa
701 4970 958 5071 Olisiponem,
992 4972 1064 5049 etsi
1083 4997 1191 5065 raro,
1222 4973 1362 5048 corolla
1389 4972 1499 5067 alba,
1531 4981 1599 5046 aut
1621 4970 1738 5044 inter-

261 5076 350 5148 dum
374 5073 577 5148 lutcscenti
600 5073 719 5148 miuus
740 5073 877 5162 odora,
910 5099 997 5172 quae
1021 5084 1111 5148 tuuc
1134 5084 1192 5148 est
1215 5073 1286 5148 Iris
1307 5075 1478 5148 lactescens
1508 5071 1654 5146 Clariss.
1678 5069 1738 5142 La

260 5173 406 5348 iggappjlpl
427 5171 671 5348 {lgieossassot
693 5173 877 5272 Encycl.)
906 5197 994 5248 narn
1020 5183 1102 5247 toto
1123 5172 1257 5248 habitu
1287 5183 1327 5248 et
1348 5173 1448 5248 notis
1468 5171 1656 5270 specificis
1686 5171 1735 5244 ab

212 5472 305 5548 Oss.
332 5473 380 5548 3.θ
408 5471 656 5564 Nectarium,
677 5497 726 5548 ex
746 5471 876 5548 Oeleb.
898 5469 1047 5547 Linnaei
1069 5468 1282 5562 sententia,
1308 5469 1345 5545 iu
1369 5469 1532 5546 Iridibus
1552 5467 1740 5544 nonnullis

260 5583 320 5649 est
339 5573 440 5648 linea
459 5573 745 5673 longitudiualis
775 5575 958 5663 barbata,
991 5571 1135 5645 inferne
1155 5569 1301 5645 laciniis
1331 5571 1484 5646 corollae
1510 5569 1658 5644 reflexis
1684 5569 1740 5644 iu·

263 5673 445 5850 impias]
464 5672 501 5748 in
524 5673 606 5749 aliis
623 5684 767 5773 puncta
794 5672 865 5748 tria
886 5684 1043 5749 externa
1064 5672 1112 5748 ad
1130 5669 1236 5746 basin
1256 5670 1376 5746 doris:
1409 5695 1457 5748 ex
1478 5668 1655 5770 opinione
1675 5693 1739 5744 au·

301 5799 372 5850 om.
442 5831 449 5848 .
1145 5794 1170 5844 u
