4916 7110
882 486 944 590 48
1423 499 1802 570 Psusocnremr

842 693 973 768 Fonrr
1002 685 1181 784 radicalia
1202 695 1243 760 et
1263 685 1392 760 infima
1413 685 1534 760 caulis
1554 684 1723 784 quinque
1743 682 1793 760 ad
1811 687 1981 780 septem,
2001 679 2065 758 vix
2088 681 2213 775 ultra,
2239 677 2403 756 ensifer-

888 792 993 882 rnia,
1016 788 1252 879 sublalcata,
1275 784 1432 876 viridia,
1456 787 1609 886 glabra,
1631 783 1787 875 striata,
1815 781 1997 856 interiora
2016 781 2306 872 erectiuscula,
2335 805 2400 855 ex-

892 891 1034 964 teriora
1055 887 1236 984 obliqua,
1267 886 1440 984 quinque
1473 884 1622 959 adsere
1654 881 1832 958 undecim
1864 879 1982 956 lineas
2006 880 2108 974 lata,
2137 891 2317 982 quatuor
2348 881 2398 955 ad

891 1003 1040 1087 septem
1065 987 1194 1062 uncias
1215 995 1256 1060 et
1281 986 1379 1059 ultra
1399 986 1536 1084 longa,
1556 979 1741 1076 disticha,
1761 980 1844 1058 basi
1864 1003 1947 1056 sese
1968 989 2010 1056 et
2030 981 2177 1056 caulem
2200 980 2399 1080 vaginen-

894 1089 969 1176 tia‚
1004 1089 1076 1163 isto
1094 1110 1196 1184 saepe
1218 1085 1413 1175 breviora,
1443 1081 1630 1159 rarissime
1662 1083 1759 1158 illius
1788 1079 2053 1181 longitudine,
2082 1081 2142 1155 vel
2162 1081 2229 1156 illo
2254 1104 2396 1178 parum

893 1189 1092 1288 longiora,
1121 1185 1351 1284 corollaeque
1381 1186 1522 1260 tubum
1544 1182 1760 1282 aequantia,
1791 1181 1870 1256 iere
1901 1180 2028 1254 omnia
2059 1191 2195 1256 aestate
2228 1179 2395 1278 penitus

892 1286 1164 1374 siccescentia;
1197 1285 1349 1361 caulius
1377 1308 1479 1382 saepe
1514 1285 1609 1376 duo,
1640 1308 1723 1358 raro
1747 1279 1820 1356 tria
1850 1281 1912 1354 vel
1935 1280 2112 1374 unicum,
2144 1279 2396 1355 radicalibus

893 1389 1004 1462 valde
1029 1386 1195 1475 minora,
1216 1383 1381 1476 sessilis,
1402 1386 1571 1474 alterna,
1593 1381 1796 1474 distantia,
1822 1405 2015 1470 concava,
2037 1381 2282 1472 ventricosa,
2304 1405 2396 1453 acu·

847 1563 852 1570 ,
889 1487 1060 1584 minata,
1083 1495 1235 1576 erecta,
1257 1484 1405 1560 caulem
1429 1482 1669 1584 saginantia:
1699 1482 1787 1556 clun
1806 1504 1923 1578 prope
1945 1478 2066 1554 caulis
2086 1479 2240 1578 apicem
2267 1503 2395 1554 ramu-

891 1587 952 1662 lus
973 1583 1230 1684 protruditur,
1261 1583 1369 1660 istius
1390 1586 1499 1662 basin
1517 1583 1608 1660 folia
1631 1582 1708 1658 duo
1729 1581 1862 1656 brevis
1883 1579 2079 1678 opposita,
2108 1579 2261 1678 spatbae
2285 1579 2396 1654 lolio-

894 1687 940 1762 lis
961 1685 1118 1779 similia,
1140 1685 1309 1784 cingunt.
2155 1718 2160 1728 ·

842 1873 1002 1962 Crucis
1028 1870 1209 1979 annuns,
1233 1882 1403 1984 quinque
1435 1885 1484 1960 ad
1515 1883 1697 1960 tredecim
1730 1881 1860 1958 uncias
1891 1881 2014 1972 altus,
2045 1890 2224 1972 erectus,
2258 1891 2393 1972 teres,

892 1990 1048 2087 glaber,
1079 2009 1181 2082 saepe
1210 1985 1367 2059 trinodis
1402 2011 1524 2084 usque
1558 1985 1607 2058 ad
1634 1985 1788 2075 florem,
1819 1980 2143 2080 simplicissimus,
2175 1981 2394 2082 aliquoties

892 2087 1007 2186 paulo
1030 2087 1126 2160 iufra
1147 2084 1294 2182 apicem
1317 2109 1394 2160 uno
1415 2084 1522 2162 brevi
1542 2083 1687 2168 ramulo
1708 2083 1926 2167 instructus

844 2287 948 2360 Fsos
969 2283 1199 2371 subsessilis,
1219 2309 1286 2360 seu
1308 2285 1524 2383 pedunculo
1547 2281 1766 2360 brevissimo
1785 2281 1886 2356 intra
1905 2278 2075 2376 spatham
2098 2279 2298 2372 insidens,
2320 2307 2394 2354 sae-

893 2409 942 2484 pe
966 2387 1122 2474 unicus,
1152 2383 1340 2482 interdum
1363 2385 1461 2476 duo,
1487 2383 1624 2461 tertius
1643 2382 1732 2472 saue
1753 2381 1984 2472 rarissimus,
2005 2380 2110 2457 illum
2133 2381 2236 2456 enim
2260 2383 2308 2455 in
2329 2383 2393 2454 sil-

894 2485 1011 2559 vestri
1032 2485 1161 2584 planta
1181 2485 1350 2582 nuspiam
1371 2484 1451 2559 ‘ridi
1483 2495 1524 2560 et
1544 2483 1667 2558 forsan
1688 2481 1921 2557 solummodo
1944 2479 1985 2556 iu
2004 2481 2197 2564 luxuriosa
2218 2481 2286 2556 vel
2310 2481 2391 2556 cul·

895 2595 947 2658 ta.

844 2777 1002 2882 Saarna
1031 2785 1209 2885 diphylla,
1231 2785 1455 2882 persistens;
1476 2783 1603 2862 foliola
1625 2786 1703 2862 lere
1725 2781 1921 2883 opposita.
1941 2805 2052 2858 unam
2076 2781 2125 2856 ad
2147 2781 2269 2856 lineas
2294 2781 2388 2855 duas

893 2885 1099 2960 insertione
1122 2887 1221 2960 inter
1242 2910 1323 2959 sese
1342 2886 1546 2977 distantia,
1568 2883 1825 2982 subaequalia,
1848 2881 1931 2958 tubi
1951 2882 2104 2962 corollae
2126 2881 2387 2980 longitudine,

892 2983 1042 3085 ipsique
1065 2985 1350 3082 approximata‚
1383 2983 1783 3082 oblongo-subovalia,
1816 3005 2051 3080 compressa,
2084 3005 2268 3073 nervosa,
2295 3005 2386 3053 con·

771 3157 774 3162 .
892 3109 1010 3176 cava,
1029 3084 1263 3174 ventricosa,
1283 3083 1549 3178 subcarinata‚
1571 3082 1728 3174 viridia,
1751 3082 1860 3180 apice
1879 3081 2298 3178 subpurpurascentia,
2322 3080 2389 3154 ibi.

893 3208 972 3280 que
992 3184 1304 3276 membranacea,
1325 3184 1508 3275 scariosa,
1531 3181 1789 3258 acutiuscula:
1813 3181 2005 3259 interdum
2026 3179 2264 3278 (praesertim
2290 3205 2381 3252 cum

893 3283 963 3356 flos
985 3283 1116 3386 apicus
1146 3283 1381 3380 terminalis)
1411 3293 1549 3381 praeter
1579 3280 1660 3370 baec
1682 3283 1758 3360 duo
1788 3281 1913 3358 foliola
1944 3280 2109 3359 tertium
2134 3279 2240 3359 aliud
2268 3278 2383 3353 mini·

893 3407 1021 3474 mum,
1054 3381 1406 3475 membranaceum,
1435 3382 1704 3473 convolutum,
1736 3381 1775 3456 in
1805 3379 1920 3456 axilla
1952 3379 2119 3478 supremi
2150 3379 2272 3454 solioli
2293 3403 2381 3478 spa-

895 3481 971 3558 thae
996 3482 1110 3558 situm
1124 3483 1277 3582 ,adesa

845 3681 1010 3778 (dorosa
1038 3687 1197 3781 supera,
1220 3682 1412 3776 violacea,
1433 3682 1601 3759 suaviter
1621 3682 1759 3773 odora,
1780 3682 2049 3780 monopetala,
2070 3679 2305 3780 sexpartita3
2327 3681 2383 3756 la-.

894 3779 1006 3856 ciniae
1038 3806 1168 3856 omnes
1190 3783 1466 3878 petalisormes,
1498 3783 1705 3858 exteriores
1733 3796 1808 3858 tres
1830 3784 2026 3883 oblongae,
2058 3781 2379 3857 obovato-cuuei·

894 3881 1054 3978 formes,
1085 3881 1221 3981 viginti
1243 3896 1409 3980 quatuor
1428 3883 1545 3958 lineas
1575 3883 1623 3957 ad
1648 3883 1803 3981 triginta
1824 3883 1968 3982 longo,
1999 3879 2291 3982 quatuordecim
2328 3879 2377 3954 ad

825 4075 829 4078 .
892 3973 1107 4055 octodecim
1129 3983 1288 4078 superne
1309 3982 1419 4073 latae,
1441 3983 1572 4081 ibique
1594 3985 1767 4076 obtusae,
1789 3982 2066 4083 integerrimae,
2096 4007 2180 4056 raro
2201 3981 2375 4054 obsolete

895 4080 1126 4172 crenulatae,
1148 4082 1311 4180 patulae,
1337 4081 1475 4156 deinde
1496 4083 1668 4175 reflexae,
1701 4085 1872 4160 salutate
1893 4107 2114 4179 purpureas,
2143 4081 2289 4156 inferne
2311 4103 2376 4152 ve-

893 4177 953 4253 nis
973 4179 1108 4254 albidis
1130 4179 1283 4254 ramosis
1303 4181 1439 4278 pictae,
1469 4181 1506 4255 in
1528 4181 1656 4256 medio
1677 4182 1777 4256 linea
1797 4183 2062 4278 longitudinali
2084 4183 2245 4256 barbata
2266 4190 2375 4255 uota·

889 4289 966 4370 ·tae,
1001 4279 1110 4378 cnjus
1129 4278 1206 4352 villi
1226 4279 1375 4354 succosi
1406 4293 1445 4354 et
1466 4280 1816 4380 diaphragmatibus
1838 4281 1984 4356 dividui
2004 4293 2116 4372 sunt,
2147 4303 2281 4354 omnes
2300 4305 2374 4353 nou

871 4379 1042 4476 'prorsus
1062 4377 1238 4474 candidi,
1272 4379 1339 4454 sed
1370 4380 1579 4477 superiores
1612 4381 1753 4474 albidi,
1783 4405 1849 4456 seu
1879 4382 2054 4472 caerulei,
2085 4380 2222 4454 velex
2242 4379 2372 4454 albido

894 4480 1207 4578 caerulescentes,
1241 4477 1435 4578 inferiores
1466 4497 1593 4556 autem
1618 4503 1735 4580 prope
1757 4481 1904 4556 faucem
1938 4481 2087 4554 corollas
2113 4481 2369 4554 latescentes:

893 4578 1039 4652 laciniae
1057 4590 1133 4653 tres
1152 4579 1293 4670 alterae,
1315 4579 1566 4654 exterioribus
1586 4579 1832 4678 interpositae‚
1853 4579 2172 4680 illislongitudine
2191 4591 2232 4653 et
2245 4580 2375 4654 latitu-

893 4677 984 4750 dine
1004 4680 1192 4776 aequaleS,
1216 4687 1284 4752 aut
1303 4679 1365 4752 vix
1387 4679 1578 4756 breviores
1599 4679 1737 4779 vixque
1759 4680 2015 4780 angrrstiores,
2047 4692 2207 4771 erectae,
2239 4679 2374 4754 intror-

891 4801 972 4851 sum
997 4776 1098 4853 inter
1116 4777 1297 4875 stigmata
1318 4779 1583 4871 conniventes,
1605 4780 1800 4870 caeruleae,
1822 4779 2044 4872 subovales,
2071 4779 2179 4877 apice
2200 4779 2372 4872 obtusae,

851 4944 855 4956 .
891 4877 1026 4974 ibique
1045 4879 1215 4952 obsoletd
1237 4879 1465 4967 crenulatae‚
1498 4878 1685 4954 interdurn
1719 4879 1791 4954 etsi
1809 4905 1893 4969 ¹raro
1916 4879 2133 4956 brevissime
2159 4879 2374 4978 emargina-

871 4972 962 5069 (ια’,
994 4977 1139 5052 inferne
1163 4977 1201 5050 iu
1225 5002 1392 5078 unguem
1415 4979 1568 5055 brevem
1597 4979 1912 5070 canaliculatum,
1945 4980 2219 5077 marginatum,
2250 4981 2374 5054 venis·

893 5101 971 5176 que
991 5077 1433 5160 albidorflavescentibus
1454 5077 1622 5175 pictum,
1645 5078 1779 5154 sensim
1803 5090 2026 5177 angustatae.
2050 5079 2187 5154 Tubus
2208 5078 2373 5176 trigono·

893 5175 1181 5275 cylindraceus,
1208 5175 1359 5271 viridis,
1390 5201 1459 5252 seu
1481 5201 1529 5252 ex
1549 5177 1658 5252 viridi
1679 5179 1948 5267 caerulescens,
1980 5177 2205 5270 tristriatus,
2235 5179 2373 5254 sexde-

892 5275 965 5352 cim
989 5278 1036 5351 ad
1049 5273 1264 5350 octodecim
1279 5275 1405 5364 ¹lineas
1425 5275 1581 5376 longus,
1602 5279 1764 5375 superne
1785 5277 1833 5352 ad
1855 5277 2005 5352 corollae
2028 5279 2175 5354 faucem
2197 5277 2311 5354 latior
2331 5293 2372 5357 et

892 5375 1006 5472 paulo
1028 5375 1124 5450 infra
1143 5371 1246 5450 illam
1270 5401 1356 5450 curn
1377 5377 1475 5474 stylo
1496 5389 1694 5454 connatus.

841 5571 963 5648 Seru.
990 5565 1183 5650 filamenta
1203 5572 1298 5668 tria,
1319 5573 1519 5672 subulata,
1545 5599 1592 5652 ex
1613 5577 1739 5653 albido
1759 5577 1945 5675 caerulea,
1974 5587 2124 5677 septem
2153 5577 2276 5672 lineas
2295 5583 2373 5658 lon·
