5796 7174
836 555 840 563 .
891 488 1167 582 sumamus.
1666 475 1760 574 155

264 701 486 780 Srarrmurr
513 699 707 776 filamenta
740 697 962 799 didymma,
993 697 1229 801 longitudine
1260 695 1351 774 labii
1381 698 1605 798 superiore,
1636 697 1695 771 vel
1723 693 1793 766 sub

316 805 397 902 ipso
429 801 637 876 recondita.
672 799 854 875 Antherao
886 799 1063 893 hirsutae,
1094 800 1390 894 incumbentes,
1423 799 1618 898 didymaa,
1651 798 1796 872 interne

316 909 463 995 acutae,
488 924 589 998 saepe
615 925 681 997 per
701 901 805 998 paria
832 899 1079 978 adhaerentes,

265 1101 447 1178 Prsrmur
476 1123 632 1212 germen
653 1109 830 1189 ovatum,
852 1122 1129 1196 compressum,
1151 1099 1335 1174 villosum.
1363 1099 1491 1198 Stylus
1512 1095 1717 1191 filisormis,
1747 1098 1797 1172 si·

317 1215 359 1277 tu
380 1213 605 1284 staminum,
628 1199 757 1297 eisque
781 1199 843 1272 vix
864 1198 1032 1299 longior,
1065 1197 1143 1272 basi
1162 1212 1264 1298 saepe
1285 1201 1497 1298 persistens.
1526 1201 1675 1300 Stigma
1696 1223 1796 1274 oras-

317 1299 521 1378 siuseulum
537 1357 548 1392 ,
567 1299 766 1391 obtusum,
789 1298 980 1376 inflexum.
1577 1308 1580 1316 '

265 1501 455 1576 Carsium
487 1509 621 1584 ovata,
643 1497 928 1588 obtusiuscnlu,
951 1496 1125 1598 turgida,
1147 1496 1312 1592 hirsuta,
1334 1495 1711 1599 oalyoe'persistente
1733 1501 1796 1575 vix

316 1598 484 1689 brevior,
508 1596 686 1688 bivalvis,
715 1597 951 1687 bilooularis‚
973 1597 1243 1695 dissepimento
1265 1602 1465 1676 contrario.
1487 1602 1640 1678 Semina
1663 1603 1796 1692 multa,

318 1699 487 1786 minuta,
517 1698 704 1797 oblonga,
736 1699 839 1772 lente
871 1697 991 1773 vitrea
1021 1696 1099 1772 visa
1119 1697 1275 1792 striata,
1307 1701 1509 1800 angulata,
1543 1705 1687 1801 absque
1719 1703 1797 1778 ullo

321 1797 492 1898 margine
515 1798 812 1872 membranaceo.

266 1991 308 2074 H
316 2022 459 2074 narrar
485 1996 523 2072 in
545 1995 790 2073 humentibus
812 1997 997 2072 montosis
1022 1993 1066 2070 de
1090 1998 1218 2073 Cintra
1241 2024 1359 2097 usque
1381 2001 1428 2076 ad
1448 2001 1721 2100 Olisiponensia
1743 2031 1799 2080 su·

320 2098 509 2182 burbone,
533 2109 635 2172 trans
645 2099 796 2196 Tagum
819 2119 977 2196 quoque
999 2097 1121 2172 irrora
1142 2098 1330 2174 maritima
1350 2103 1555 2196 praesertim
1579 2129 1695 2202 prope
1718 2128 1798 2202 pro·

318 2196 548 2273 montorium
570 2198 822 2290 barbaricum,
846 2198 962 2298 vulgo
979 2195 1075 2274 Cuho
1094 2197 1330 2298 daErpiclrel.
1352 2199 1480 2276 Floret
1502 2227 1601 2277 vere.
1627 2209 1798 2280 Annuus

269 2397 431 2472 Pennra
458 2393 637 2488 inodora3
659 2421 792 2496 sapore
813 2395 948 2470 leviter
969 2421 1097 2473 amaro
1117 2406 1158 2471 et
1182 2397 1393 2474 aeriusoulo
1414 2399 1585 2498 praedita.

269 2595 361 2672 Ons.
393 2594 599 2670 l.⁰·Variat
619 2595 793 2672 loliorum
820 2595 1091 2694 magnitudine,
1114 2605 1154 2670 et
1167 2595 1286 2672 caulis
1306 2597 1522 2694 altitudine,
1545 2599 1617 2676 isto
1637 2625 1685 2676 ex
1707 2628 1799 2700 qua·

179 2721 185 2730 ·
321 2695 699 2793 tuorsoilieetosque
721 2697 768 2772 ad
783 2696 1300 2772 unciasduodeoimetoltra
1321 2699 1413 2788 alto,
1436 2701 1709 2796 simplicissimo
1732 2715 1800 2778 ant

320 2793 499 2892 simplici,
532 2805 701 2892 tuncque
723 2797 834 2869 ramis
868 2819 915 2868 ex
937 2820 1010 2868 una
1041 2796 1089 2870 ad
1111 2819 1177 2869 sex
1212 2795 1340 2870 uncias
1371 2799 1500 2896 longis.
1533 2800 1636 2872 Folia
1657 2801 1800 2876 floralia

322 2895 436 2969 etiam
471 2892 736 2992 magnitudine
769 2893 1079 2992 marginibusque
1110 2898 1281 2988 variant,
1312 2921 1487 2996 suprema
1522 2907 1650 2974 tamen
1682 2902 1799 2998 spicae

320 3017 470 3092 semper
491 2993 757 3093 integerrima,
784 2993 1001 3092 corollaque
1024 2994 1207 3071 breviora.
1792 3005 1795 3012 “

173 3273 176 3282 ,
270 3191 365 3268 One.
392 3192 439 3268 2?
468 3190 705 3270 Rhinenthus
724 3192 914 3286 monimus
931 3190 1043 3290 (Lin.
1062 3193 1127 3292 Sp.
1149 3194 1199 3291 pl.
1223 3193 1283 3269 ed.
1310 3194 1469 3294 Willd.)
1490 3195 1561 3270 etsi
1583 3199 1721 3273 corolla
1742 3200 1800 3275 lu-

323 3293 387 3367 tet
419 3301 459 3368 et
479 3293 576 3370 notis
598 3292 784 3369 nonnullis
814 3292 896 3368 aliis
916 3292 1079 3368 Bartsiae
1109 3295 1256 3368 viacoaae
1281 3293 1420 3390 affinis,
1453 3320 1524 3370 uon
1546 3298 1629 3396 ejus
1649 3307 1801 3394 tamen„

322 3392 390 3470 sed
413 3393 538 3490 potios
560 3391 676 3466 nostri
699 3391 908 3468 Rhinanthi
929 3391 1079 3468 maioris
1100 3393 1263 3468 varietas
1293 3418 1374 3468 esse
1395 3393 1557 3471 videtur.
1585 3396 1698 3473 Rhin.
1721 3424 1802 3473 aer·

322 3491 451 3569 sicotor
473 3490 596 3566 adhue
617 3490 734 3568 dnbio
751 3490 922 3590 speeies,
946 3501 987 3567 et
1007 3493 1104 3567 sorte
1136 3518 1220 3568 eum
1249 3494 1322 3570 Rh.
1354 3493 1536 3596 trixopine
1563 3497 1618 3570 uti
1640 3496 1802 3574 varietas

325 3592 636 3691 conjungendus,
661 3592 835 3690 quemvis
858 3593 965 3668 ceule
984 3617 1087 3690 saepe
1107 3593 1244 3668 obtuse
1267 3597 1538 3695 quadrangulo,
1561 3595 1803 3697 leviterque

326 3691 551 3782 drisulcato,
581 3715 741 3792 raroque
763 3691 1058 3790 simplicissime,
1089 3694 1233 3768 corolla
1254 3696 1556 3770 constantissime
1585 3696 1801 3796 variegata,

327 3801 368 3863 et
389 3792 489 3865 labio
512 3790 703 3890 superiore
723 3816 824 3892 saepo
845 3790 1037 3868 subbifido
1069 3803 1135 3868 aut
1155 3793 1392 3896 emarginato
1404 3849 1415 3889 ,
1446 3793 1622 3894 specifice
1652 3797 1803 3873 differre

327 3889 502 3968 videatur
