4916 7110
920 509 983 599 52
1459 518 1836 592 enumerarem

932 713 1002 808 lis,
1034 709 1174 786 exinde
1195 733 1322 786 versus
1345 706 1494 806 apicem
1529 709 1645 783 culmi
1666 729 1929 806 ramorumque
1958 703 2096 784 sensim
2117 705 2305 802 brevior,
2335 711 2411 789 duas

927 805 980 890 'ad
1003 822 1081 887 tres
1101 811 1220 884 lineas
1240 820 1308 883 aut
1329 809 1444 906 paulo
1465 808 1563 882 ultra
1583 809 1685 898 lata,
1715 808 1960 900 subliuearis,
1986 821 2119 899 acuta,
2149 818 2323 908 pateus,
2342 815 2409 888 sub

931 917 996 990 tias
1015 910 1287 1008 viridisglabra
1307 907 1411 982 laevis
1433 906 1805 1006 convexiusculaque
1827 910 1972 1005 absque
1991 907 2141 999 carina,
2164 910 2292 1008 supra
2311 909 2409 1012 lougi-

932 1010 1416 1104 tudinalitersubconcava
1443 1009 1581 1108 glauca
1602 1007 1759 1099 striata,
1795 1007 1898 1082 lente
1928 1005 2007 1082 visa
2028 1007 2329 1108 subpubescens
2354 1037 2406 1086 seu

931 1111 1021 1187 binc
1043 1109 1131 1184 inde
1152 1107 1201 1183 ad
1222 1107 1332 1183 strias
1353 1107 1438 1204 pilis
1458 1106 1623 1182 minimis
1645 1107 1852 1198 instructa,
1886 1121 1958 1182 nec
1981 1117 2107 1182 tamen
2127 1110 2300 1201 scabra,
2328 1134 2406 1186 mar·

932 1211 1085 1311 ginibus
1110 1207 1366 1307 integerrimis
1397 1207 1537 1307 glabris
1559 1206 1741 1299 laevibus,
1774 1203 1927 1280 demum
1950 1207 2155 1283 convoluta
2182 1207 2407 1308 junciformis

931 1309 1040 1408 api-ce
1061 1307 1226 1408 rigidulo
1246 1307 1515 1406 subpungeuti.
1538 1305 1680 1406 Ligula
1701 1307 2017 1399 membranacea,
2045 1306 2291 1383 semilineam
2314 1308 2356 1384 ad
2371 1309 2405 1385 li·

930 1435 1041 1486 neam
1063 1409 1198 1506 longa,
1220 1417 1398 1482 truncata
1419 1432 1485 1481 seu
1508 1407 1669 1500 obtusa,
1691 1406 1835 1505 glabra.
1859 1405 2012 1506 Vagiua
2032 1406 2180 1506 glabra,
2204 1407 2405 1501 substriatg

930 1507 1163 1608 marginibus
1184 1505 1485 1583 membranaceis
1506 1505 1685 1597 laevibus,
1707 1505 1847 1580 lamina
1867 1505 1977 1580 valde
2000 1504 2169 1601 brevior,
2194 1505 2403 1584 internodiis
2449 1571 2450 1596 ,

924 1620 1060 1684 autem
1092 1607 1258 1707 longicr3
1292 1606 1331 1682 in
1356 1606 1495 1684 infimis
1524 1605 1623 1682 foliis
1652 1605 1849 1682 albescens
1879 1605 2063 1702 paleacea
2092 1605 2237 1700 latior,
2272 1607 2311 1682 in
2340 1608 2402 1682 aliis

921 1707 1139 1820 ,praesertim
1163 1731 1290 1784 versus
1311 1705 1457 1805 apicem
1489 1705 1607 1784 culmi
1628 1714 1746 1806 atque
1767 1729 1954 1782 ramorum
1986 1706 2188 1806 augustior
2221 1708 2401 1783 etsensim

897 1807 1086 1908 *longiore
1444 1820 1446 1824 ’

878 2007 998 2084 Srrcr
1026 2005 1255 2099 terminalis,
1276 2007 1457 2105 simplex,
1491 2013 1637 2104 septem
1662 2004 1711 2081 ad
1732 2029 1866 2082 novem
1890 2001 2021 2082 uncias
2041 2003 2181 2107 longa,
2217 2006 2337 2082 esolii
2356 2007 2400 2080 ul-

930 2108 1013 2182 timi
1046 2107 1181 2208 vagina
1212 2106 1298 2181 cum
1321 2107 1472 2204 penitus
1493 2105 1648 2184 evoluta
1680 2116 1721 2182 et
1744 2105 1789 2182 io
1812 2106 1923 2206 plena
1953 2105 2102 2180 antbesi
2131 2107 2223 2205 plus
2250 2107 2398 2182 minusve

930 2219 1090 2297 nutans3
1118 2207 1222 2282 rachi
1241 2206 1431 2281 cummuni
1453 2206 1714 2301 subflexuosa,
1746 2206 1901 2306 glabra,
1930 2206 2153 2298 articulata,
2192 2205 2398 2282 internodiis

930 2317 1043 2381 extus
1065 2305 1244 2381 convexis
1264 2305 1427 2400 striatis,
1460 2306 1563 2381 intus
1584 2305 1704 2403 planis
1723 2331 1869 2382 sursum
1892 2329 2021 2379 versus
2041 2305 2280 2402 spicularum
2311 2305 2396 2379 basin

929 2405 1195 2497 crassioribus,
1229 2405 1387 2503 istisque
1407 2429 1554 2504 semper
1585 2406 1669 2503 plus
1688 2406 1860 2482 minusve
1889 2403 2144 2500 brevioribus,
2181 2404 2397 2506 marginibus

932 2504 1185 2604 integerrimis
1205 2505 1372 2580 laevibus.

884 2693 1032 2780 Grani
1057 2703 1228 2802 calyciua
1247 2703 1427 2797 bivalvis;
1455 2705 1574 2780 valvae
1595 2705 1859 2804 subaequales,
1891 2704 1966 2781 alia
1986 2705 2049 2780 vix
2070 2705 2227 2806 longior
2247 2705 2393 2805 quinque

931 2829 997 2879 seu
1018 2829 1084 2879 sex
1105 2803 1223 2879 lineas
1243 2805 1377 2905 longa,
1409 2807 1457 2880 ad
1478 2803 1631 2903 apiculae
1654 2803 1821 2880 medium
1854 2830 1920 2880 seu
1942 2805 2056 2902 paulo
2078 2807 2181 2880 ultra
2206 2806 2394 2906 elongata,

924 2906 1163 2980 sublineares
1184 2921 1251 2980 aut
1271 2905 1672 2998 lineari-lanceolata,
1694 2906 1904 2996 coriaceae,
1930 2905 2050 2980 dilate
2072 2905 2236 2991 virides,
2259 2906 2390 3006 glabra,

929 3005 1095 3095 striatas,
1127 3005 1395 3096 multinerves,
1425 3008 1596 3092 obtusas,
1629 3005 1805 3097 muticae,
1835 3005 1955 3080 latere
1985 3004 2165 3080 exteriori
2198 3005 2251 3080 ad
2283 3002 2388 3078 racbin

928 3129 1167 3178 communem
1191 3104 1325 3178 leviter
1345 3104 1544 3180 introflexo
1564 3105 1905 3203 subcarinatoque,
1940 3105 2068 3179 carina
2088 3103 2200 3198 laevi,
2235 3101 2386 3204 margini·

897 3267 900 3275 .
931 3204 1002 3277 bus
1021 3203 1413 3300 submembrauaceis,
1435 3203 1591 3301 albidis,
1613 3203 1774 3305 glabris,
1794 3203 2068 3306 integerrimis,
2089 3205 2263 3282 laevibus.

882 3402 1076 3479 Conoaui
1100 3401 1277 3494 bivalvis3
1309 3406 1428 3480 valvae
1455 3403 1685 3505 inequales,
1717 3417 1876 3482 externa
1906 3403 1945 3480 in
1968 3405 2131 3482 flosculis
2161 3404 2251 3482 imis
2279 3402 2387 3500 calyce

929 3505 1041 3602 paulo
1059 3503 1229 3603 longior,
1250 3505 1289 3580 in
1304 3505 1392 3580 aliis
1411 3504 1648 3605 longitudine
1669 3505 1810 3605 calycis
1831 3516 1900 3580 aut
1920 3505 2092 3598 brevior,
2123 3505 2239 3582 dorso
2264 3506 2309 3580 ad
2328 3499 2388 3598 api·

930 3629 1013 3679 cem
1035 3603 1275 3680 subcarinato
1302 3605 1455 3702 (carina
1475 3605 1589 3703 laevi)
1619 3609 1756 3680 obtusa
1787 3630 1873 3680 cum
1895 3603 2114 3680 brevissimo
2144 3630 2214 3682 seu
2236 3603 2385 3679 obsoleto

929 3727 1134 3788 mucrone,
1163 3704 1357 3798 coriacea,
1379 3729 1562 3796 nervosa,
1583 3705 1737 3804 glabra,
1759 3703 1990 3804 marginibus
2011 3703 2327 3797 membranaceis,
2344 3699 2386 3772 in·

930 3801 1156 3901 tegerrimis,
1175 3803 1352 3893 laevibus3
1376 3809 1484 3879 valva
1503 3803 1659 3880 interior
1678 3806 1792 3917 paulo
1804 3803 1963 3893 brevior,
1984 3805 2200 3881 lanceolata
2215 3803 2318 3904 apice
2334 3799 2384 3874 ob·

916 3910 1017 3996 tuso
1037 3903 1085 3976 ad
1106 3903 1246 3994 lentem
1268 3903 1490 3996 subciliato‚
1513 3903 1640 3980 albida
1660 3904 1822 4005 ngidula
1843 3927 2023 3992 nervosa,
2052 3903 2137 3980 binc
2159 3927 2327 3980 concava
2342 3898 2384 3970 io·

929 3999 1048 4075 dead
1072 4001 1252 4099 genitalia
1272 4003 1586 4094 converiuscula,
1619 4005 1850 4103 marginibus
1872 4001 2045 4080 scariosis
2075 4004 2124 4078 ad
2146 4001 2324 4106 genitalia
2341 4023 2384 4071 ar·

932 4099 995 4174 cte
1015 4099 1243 4194 introllexis,
1277 4104 1454 4201 utrinque
1475 4102 1512 4176 io
1534 4104 1672 4178 flexum
1695 4102 1894 4192 carinatis,
1926 4104 2055 4179 carina
2074 4103 2175 4179 linea
2200 4101 2305 4179 viridi
2324 4098 2384 4172 ala·

930 4211 971 4273 ta
984 4253 995 4292 ,
1018 4201 1077 4274 ala
1099 4201 1248 4295 albida,
1271 4203 1318 4278 ad
1340 4203 1482 4278 lentem
1504 4203 1751 4278 minutissime
1771 4201 2073 4280 sematociliata.

881 4397 1127 4476 Naccararum
1148 4399 1246 4476 intra
1268 4402 1441 4477 corollam
1463 4364 1499 4476 in
1516 4403 1595 4478 basi
1618 4401 1796 4502 germinis
1816 4401 1972 4502 ipsoque
1994 4401 2153 4502 longius,
2178 4398 2378 4502 diphyllum

928 4497 1062 4574 foliolis
1080 4501 1445 4593 ovatolanceolatis,
1466 4501 1612 4592 albidis,
1634 4527 1752 4602 usque
1772 4502 1821 4578 ad
1834 4503 1998 4578 medium
2021 4503 2152 4578 crassis
2198 4499 2379 4590 labrisque

923 4599 1088 4772 {gpffi
1109 4599 1328 4676 tenuissime
1349 4602 1658 4696 membranaceis,
1680 4601 1944 4696 acutiusculis,
1965 4603 2122 4698 villosis,
2144 4531 2299 4692 ciiiatis,
2318 4596 2379 4670 leu-

880 4896 1005 4972 Suam.
1032 4898 1224 4974 filamenta
1256 4901 1328 4976 tria
1358 4863 1585 5000 capillaria,
1611 4901 1854 5001 receptaculo
1885 4901 1934 4976 ad
1958 4901 2063 4976 basin
2094 4899 2272 5002 germinis
2299 4894 2377 4999 intra

923 4998 1135 5074 nectarium
1157 4998 1308 5074 inserta.
1331 5001 1513 5076 Antherae
1535 5012 1696 5094 exertae,
1724 5001 1941 5094 versatiles,
1971 5004 2226 5092 lutescentes,
2260 5008 2327 5072 tres
2344 4989 2376 5061 lv·

926 5099 1183 5274 gfigsmlffanrgase,
1207 5101 1384 5200 utrinque
1404 5101 1622 5196 lurcillataa,
1650 5100 1925 5202 quadrisulcae,
1957 5103 2373 5198 hebetato-tetragona,

878 5392 983 5470 Pisa.
1010 5396 1176 5474 German
1197 5359 1402 5475 obovalum
1426 5400 1692 5494 subvillcsum,
1722 5399 1809 5475 binc
1830 5425 2065 5496 convexum,
2103 5402 2190 5480 inde
2211 5389 2373 5474 unisulca·

924 5505 1025 5574 tum.
1046 5498 1142 5596 Styli
1163 5499 1238 5574 duo
1261 5499 1489 5596 brevissimi,
1510 5501 1641 5578 albidi.
1662 5500 1850 5602 Stigmata
1870 5503 2060 5601 plumosa,
2084 5505 2230 5580 reflexa.
