6040 7190
1310 456 1409 556 228
1857 467 2233 555 nninoon'snms

1324 675 1480 850 {3¹}er
1505 673 1544 748 in
1562 670 1771 770 capitulum
1794 680 1946 746 ovatum
1966 672 2148 762 collecta:
2171 669 2290 770 stylus
2308 669 2453 748 nullus:
2475 666 2616 771 sligma
2634 666 2819 771 simplos

1326 799 1367 850 re
1396 798 1521 847 exum.

1279 973 1463 1049 anccns
1488 970 1628 1064 ovalis,
1652 970 1833 1064 obtusus,
1855 980 2000 1069 septem
2024 971 2073 1046 ad
2087 996 2221 1047 novem
2242 970 2361 1046 lineas
2382 971 2528 1070 longus.
2551 969 2708 1046 Semina
2730 972 2821 1072 plu·

1326 1072 1445 1166 rima,
1468 1074 1594 1162 nuda,
1616 1081 1862 1163 mucronata,
1883 1071 2037 1170 glabra,
2057 1071 2304 1170 receptaculo
2324 1069 2524 1146 subvilloso
2545 1096 2707 1148 annexa.

1279 1272 1467 1446 H⁸p¹³¹m
1483 1269 1528 1384 'in
1549 1269 1712 1346 collibus
1729 1269 1915 1346 nonnullis
1940 1294 1989 1346 ex
2009 1268 2205 1370 Olisipone
2230 1294 2351 1371 usque
2374 1271 2517 1346 Cintrn.
2550 1270 2677 1349 Floret
2700 1295 2820 1349 vere.

1204 1412 1208 1418 ·
1361 1393 1519 1446 erennis.
1557 1441 1559 1449 ,

1279 1571 1369 1647 Ons
1398 1567 1534 1645 Planta
1552 1569 1729 1660 inodora,
1763 1569 1881 1664 acris,
1911 1569 2102 1646 inusitata.
2129 1569 2278 1646 Bulbus
2297 1569 2470 1646 radicalis
2488 1570 2750 1650 subrotundus
2776 1572 2821 1650 in

1328 1672 1408 1746 solo
1424 1671 1530 1746 sicco
1549 1693 1650 1767 saepe
1681 1668 1800 1745 maior
1820 1669 1969 1762 evadit,
2001 1695 2113 1770 qnam
2146 1671 2184 1744 in
2205 1669 2453 1760 subhumid03
2487 1670 2640 1768 penitus
2665 1672 2820 1748 solidus

1330 1783 1410 1863 est,
1443 1771 1480 1846 ei
1500 1770 1602 1846 nulla
1622 1770 1765 1844 cavitas
1785 1769 1856 1845 nisi
1874 1795 1961 1868 quae
1983 1770 2213 1870 gemmulam
2241 1795 2351 1844 novae
2372 1773 2510 1868 plantae
2533 1771 2604 1846 sub
2626 1772 2745 1870 apice
2769 1777 2821 1847 si-

1330 1882 1407 1945 tam
1430 1871 1623 1959 continet,
1644 1869 1857 1967 nullibique
1877 1895 1949 1945 ova
1968 1870 2200 1944 insectorum
2225 1869 2300 1944 ulla
2320 1869 2517 1961 recondit,
2537 1870 2626 1946 ideo
2650 1883 2695 1948 ut
2708 1874 2820 1974 galla

1330 1971 1379 2045 ab
1400 1971 1487 2070 ipsis
1507 1973 1669 2045 formala
1697 1969 1904 2044 existimari
1936 1995 2009 2044 non
2031 1969 2160 2044 debet.
2193 1967 2315 2044 Nimis
2337 1969 2456 2044 affinis
2475 1969 2708 2046 Ranunculo
2801 2017 2819 2028 -

1329 2067 1457 2145 bellalo
1475 2069 1678 2168 (Dessont.
1702 2069 1755 2144 Fl.
1779 2070 1947 2165 Atlant.)
1969 2079 2010 2144 et
2031 2067 2260 2144 Ranunculo
2278 2070 2449 2174 properio
2470 2071 2636 2168 (nostrae
2658 2071 2718 2147 Fl.
2774 2100 2819 2147 u-

1329 2169 1408 2264 sit.)
1430 2173 1497 2268 qui
1518 2170 1615 2244 sorte
1645 2169 1726 2266 ejus
1747 2167 1953 2242 varietates
1979 2177 2087 2260 sunt,
2111 2167 2240 2244 radice
2265 2171 2428 2268 superne
2458 2195 2533 2245 non
2552 2171 2819 2270 subglobosa‚

1330 2268 1399 2342 sed
1420 2269 1471 2343 ibi
1493 2271 1562 2343 sub
1585 2268 1775 2365 gemmula
1796 2269 1901 2342 tenui
1922 2267 2070 2342 tantlim
2103 2267 2345 2367 fasciculata,
2377 2268 2557 2370 istudque
2579 2296 2629 2346 ex
2647 2273 2732 2365 solo
2754 2273 2818 2349 ni·

1332 2365 1403 2442 mis
1422 2367 1576 2444 humido
1599 2375 1640 2442 et
1659 2366 1790 2468 pingui
1809 2368 2034 2468 proveniens
2052 2366 2112 2444 sit.
