4916 7110
724 533 792 628 20
1267 538 1645 624 'unumunurm

690 745 938 822 Nucrarrunr
965 763 1216 840 purpureum3
1245 740 1388 818 labium
1410 741 1601 840 superins,
1626 760 1694 815 seu
1715 735 1891 816 columna
1911 740 2126 842 gynandra,
2155 765 2231 856 pe-
2318 731 2321 739 ’

738 839 825 922 talis
845 841 1088 919 interioribus
1119 841 1206 920 fere,
1221 839 1378 916 dimidio
1410 839 1580 932 brevius,
1608 863 2032 932 convexo-concavum,
2059 853 2231 920 annuns-

737 946 892 1036 culum,
923 955 1117 1034 erectum,
1150 941 1314 1016 stamina
1343 941 1448 1016 lutea
1472 950 1620 1041 tegens.
1652 938 1817 1014 Labium
1839 939 1993 1016 inferius
2016 943 2227 1040 pendulum

737 1046 888 1120 calcare
919 1041 1075 1118 dimidio
1106 1042 1275 1134 brevius,
1305 1041 1355 1116 ad
1383 1040 1535 1116 faucem
1566 1041 1719 1140 punctis
1747 1049 1916 1116 salutate
1945 1042 2140 1140 purpureis
2169 1042 2227 1142 pi·

738 1155 869 1236 ctum,
902 1141 1093 1234 trifidum,
1123 1137 1268 1216 laciniis
1287 1141 1432 1225 acutis,
1454 1141 1675 1216 lateralibus
1695 1140 1881 1232 crenalis,
1908 1139 2134 1218 intermedia
2155 1165 2225 1242 pa-

736 1271 820 1320 rum
853 1241 1055 1341 longiore,
1090 1239 1348 1343 integerrima.
1382 1240 1525 1316 'Calcat
1554 1239 1755 1334 conicum,
1787 1251 2012 1338 arcuatum,
2050 1243 2224 1342 germine

735 1344 850 1444 paulo
871 1341 1034 1418 brevius.

688 1541 796 1620 Prsr.
825 1541 992 1619 Germen
1015 1541 1279 1639 nicostratum,
1308 1549 1550 1638 contorium,
1582 1541 1694 1643 apice
1713 1541 1824 1656 valde
1844 1549 2109 1639 attenuatum,
2139 1568 2223 1620 cer-

737 1669 867 1719 nuum.

688 1843 874 1920 Renoua
900 1842 1002 1920 utin
1024 1842 1189 1920 Genere.
1242 1811 1243 1814 Ἴ

687 2041 873 2120 Hnmrru
898 2044 937 2119 in
959 1997 1119 2120 collibus
1138 2043 1344 2137 calamis,
1370 2051 1411 2120 et
1431 2042 1523 2121 locis
1541 2043 1734 2121 interdum
1755 2041 2011 2135 subhumidis‚
2038 1997 2157 2146 'prope
2178 2048 2216 2122 S.

735 2144 859 2219 Prdro
892 2145 988 2220 Diua
1024 2145 1128 2219 circa
1155 2143 1467 2238 conimbricam,
1498 2145 1537 2220 in
1569 2145 1762 2221 montibus
1792 2168 1950 2244 quoque
1979 2146 2028 2219 de
2062 2148 2214 2240 Cinlra,

733 2243 936 2320 Mon-ramo
955 2243 1059 2318 eirea
1078 2242 1336 2343 Olisiponem,
1362 2254 1404 2320 et
1426 2243 1517 2320 alibi
1539 2243 1580 2321 in
1598 2245 1713 2322 Beira
1738 2253 1779 2344 el
1797 2243 2090 2322 Exnemadura.
2125 2246 2215 2324 Flu-

734 2354 797 2420 ret
815 2343 1007 2418 mensibus
1026 2344 1162 2420 vernis.
1187 2343 1379 2444 Perennis.

684 2541 816 2619 Saron
841 2542 960 2620 totins
979 2545 1119 2642 plantae
1138 2542 1358 2626 herbaceus.
1380 2545 1512 2624 Flores
1529 2546 1645 2624 odore
1667 2515 1777 2647 ¹quasi
1801 2543 1947 2626 cimicis
1966 2546 2101 2624 fetent.

687 2741 795 2824 usus
819 2703 957 2825 radron
974 2765 1044 2846 pro
1063 2741 1186 2846 saep.
