6040 7190
1132 562 1415 637 nusrrurun.
1450 595 1454 602 .
1897 545 2000 641 213

497 759 594 833 Ous.
636 755 685 830 l.'
722 751 846 828 Nimis
876 751 985 828 affine
1018 751 1200 829 Colchico
1229 754 1473 848 autumnali,
1505 754 1573 830 sed
1607 751 1704 830 soliis
1734 751 1851 828 citius
1880 755 1903 826 e
1933 767 2035 835 terra

544 853 861 954 erumpentibus,
884 854 1040 930 floribus
1062 877 1162 951 saepe
1182 855 1512 943 numerosioribus,
1534 855 1762 954 corollaeque
1783 852 1931 929 laciniis
1951 859 2036 954 plus

549 957 722 1032 minusve
744 952 966 1044 tessellatis,
987 952 1176 1028 dissimile.
1199 959 1261 1032 An
1283 965 1412 1030 tamen
1434 954 1626 1031 varietas?
1657 953 1753 1053 Ejus
1772 955 1911 1032 bulbus
1932 981 2036 1031 ama·

548 1083 611 1135 rus
632 1066 713 1150 est,
734 1079 779 1128 ac
800 1053 866 1128 illo
886 1052 1139 1151 proColchici
1160 1055 1389 1138 autumnalis
1410 1057 1531 1132 bulbo
1543 1053 1850 1132 Pharmsceutici
1873 1055 2037 1156 Olisipo·

551 1179 687 1234 nenses
709 1152 901 1229 interdum
928 1163 1096 1230 utuntur.

498 1359 594 1436 Ons.
624 1355 675 1432 2?
700 1354 883 1431 Nostrum
915 1351 1142 1429 Culchicum
1174 1349 1455 1432 bulbucuclior'dm
1485 1355 1570 1458 (Fl.
1591 1355 1711 1433 Lusit.
1747 1369 1777 1430 l.
1805 1377 1838 1453 p.
1867 1370 1960 1450 597,
1995 1368 2036 1433 et

551 1457 662 1557 Phyt.
684 1454 802 1531 Lusit·
828 1464 921 1530 tom.
951 1469 980 1529 l.
1005 1478 1039 1552 p.
1066 1469 1145 1530 119.
1168 1456 1245 1530 tab.
1271 1457 1335 1554 50)
1357 1457 1419 1531 lon
1449 1481 1582 1534 esane
1603 1457 1793 1532 diversum
1818 1464 1875 1529 est
1902 1455 2036 1531 aCol-

550 1557 660 1634 chicn
682 1553 948 1632 bulbucodioidc
980 1551 1124 1628 Marsh.
1148 1553 1247 1630 Flor.
1270 1556 1387 1630 Taur.
1411 1485 1528 1632 gaus.
1562 1572 1590 1632 1.
1611 1579 1647 1654 p.
1672 1570 1767 1646 2933
1799 1553 1901 1630 istud
1934 1556 2035 1633 enim

552 1655 834 1754 monopetulum
871 1664 912 1729 et
942 1653 1184 1729 multiflorum
1218 1667 1285 1730 est.
1323 1653 1482 1734 Clusius
1512 1656 1602 1732 olim
1635 1655 1728 1730 illud
1764 1678 1831 1752 pro
1861 1654 2037 1730 Colchici

551 1755 723 1836 montani
755 1753 943 1829 varietate
975 1752 1108 1828 minori
1135 1754 1344 1845 habuernt3
1377 1754 1647 1856 Lapeirousius
1677 1765 1718 1829 et
1739 1752 2037 1831 Dessontaineus

550 1867 686 1960 postea
706 1855 801 1932 illud
824 1853 872 1929 ud
897 1853 1174 1930 Bulbocodium
1199 1859 1471 1950 amandaruut3
1501 1855 1724 1932 Remundus
1745 1855 1898 1930 tandem
1923 1880 1971 1929 ex
1990 1856 2036 1930 il-

549 1961 610 2054 lo,
645 1966 781 2055 utpote
800 1954 917 2052 stirpe
939 1953 1065 2044 media
1087 1954 1188 2030 iuter
1208 1955 1433 2032 Colchicum
1458 1969 1498 2033 et
1520 1954 1794 2032 Bulbocodium
1819 1955 2036 2030 considera-

549 2073 615 2154 to,
647 2081 784 2131 novum
807 2079 929 2156 genus
949 2052 1137 2148 instituit,
1173 2054 1287 2154 eique
1307 2083 1444 2134 numen
1465 2059 1688 2134 Merenderu
1719 2055 1926 2152 imposuit,
1959 2081 2036 2154 quo

551 2156 736 2236 Colchica
755 2157 892 2253 vulgus
914 2153 1125 2252 Hispanum
1149 2156 1338 2254 appellare
1357 2159 1465 2232 solet.
1490 2157 1578 2232 Hoc
1601 2155 1913 2231 arbitramenturu
1934 2157 2035 2230 Clar.

552 2260 682 2338 Poiret
713 2257 840 2332 etalii
869 2256 1098 2330 recentiores
1118 2253 1243 2330 secuti
1263 2266 1361 2332 suut.
1390 2256 1477 2332 Vid.
1501 2255 1560 2332 La
1584 2255 1698 2330 Mark
1719 2253 1823 2329 Dict.
1846 2255 1935 2330 But.
1956 2255 2036 2332 En·

553 2359 648 2462 cycl·
671 2356 797 2456 Suppl.
819 2366 908 2433 tom.
931 2370 964 2432 3.
987 2379 1020 2455 p.
1045 2368 1127 2432 665.
1151 2354 1383 2434 Merendera
1403 2353 1669 2436 bulbucudium.
