5796 7174
917 508 1195 580 susannam.
1692 487 1787 588 147
1907 497 1910 508 ’

281 695 408 776 Fonrn
436 691 742 798 squamilurmia,
762 695 999 790 lanceolata,
1020 698 1134 799 longe
1155 696 1396 791 acuminata,
1418 697 1686 801 integerrima,
1708 715 1821 784 extus

329 801 477 874 hirsuta
499 809 541 873 et
560 800 716 889 ciliata,
735 796 841 872 intus
859 798 1012 896 glabra,
1043 799 1193 874 sordide
1215 801 1333 890 flava,
1365 800 1521 880 demum
1542 802 1820 902 luscescentia,

331 901 518 975 distanter
538 899 710 988 alterna,
734 900 780 972 ad
804 897 921 971 caulis
941 899 1049 972 basin
1070 899 1261 996 propriora
1282 911 1323 976 et
1342 899 1537 1000 longiora,
1567 903 1693 981 omnia
1712 906 1819 982 sessi·

330 999 405 1092 lia,
428 1007 581 1088 erecta,
605 1009 647 1072 et
667 998 767 1070 cauli
788 997 991 1097 contigua,
1013 998 1093 1073 cito
1116 1001 1349 1096 arescentia,
1370 1003 1528 1100 citoque
1548 1003 1707 1103 fragilia.

280 1201 402 1276 Snrca
433 1195 663 1289 terminalis,
683 1195 884 1298 elongata,
912 1197 1059 1272 interne
1080 1198 1306 1298 primiflora,
1338 1199 1447 1298 apice
1468 1201 1634 1279 bracteis
1654 1211 1695 1278 et
1717 1206 1819 1304 caly-

330 1301 441 1374 cibus
471 1296 672 1372 oassifloris
706 1299 875 1374 breviter
896 1308 1060 1372 comata.
1096 1298 1237 1374 Racbis
1256 1301 1619 1398 striato-angulosa,
1652 1301 1814 1382 hirsuta:

330 1402 442 1474 flores
464 1398 633 1488 inodori,
655 1399 823 1491 sessiles,
843 1398 1002 1490 alterni,
1034 1401 1179 1494 inferne
1210 1402 1307 1494 laxi,
1337 1402 1502 1498 superne
1524 1403 1740 1500 propiores,
1776 1415 1817 1479 et

329 1501 382 1574 ibi
403 1523 505 1594 saepe
527 1497 610 1599 plus
631 1499 801 1572 minusve
829 1499 945 1575 dense
966 1500 1148 1600 congesti.
1170 1501 1335 1576 Bractea
1359 1500 1472 1575 unica
1492 1503 1540 1576 ad
1563 1503 1736 1599 quemvis
1756 1505 1818 1578 llo·

330 1625 407 1674 rem
423 1657 433 1692 ‚
449 1599 692 1682 lanceolata,
716 1599 1067 1698 longeacuminata
1089 1611 1129 1674 et
1151 1601 1329 1686 arietata,
1352 1603 1512 1676 obscure
1533 1604 1636 1690 rusa,
1659 1596 1829 1696 hirsuta,

329 1700 554 1789 subciliata,
574 1697 733 1790 sessilis,
758 1701 899 1794 calycis
920 1701 1057 1775 foliolis
1077 1701 1281 1800 contigua,
1314 1700 1386 1774 illis
1407 1701 1626 1800 corollaque
1647 1703 1813 1807 longior,

329 1827 412 1875 raro
446 1801 482 1874 in
508 1797 697 1911 nonnullis
727 1799 881 1874 floribus
911 1800 1150 1901 longitudine
1177 1801 1341 1900 calycis,
1372 1801 1533 1900 primum
1566 1815 1718 1897 erecta,
1751 1805 1816 1882 de·

329 1925 436 1975 mum
459 1923 640 1991 recurva,
663 1909 743 1973 orto
766 1923 950 1976 arescens.

277 2100 430 2177 Cnnrx
458 2097 669 2197 dipbyllus,
700 2097 838 2176 foliolis
868 2113 980 2176 extus
1000 2101 1172 2192 hirsutis,
1202 2101 1306 2178 intus
1336 2093 1500 2202 glabris,
1532 2105 1695 2179 obscure
1726 2105 1814 2180 rufis

329 2201 389 2274 vel
413 2200 602 2276 interdum
624 2199 757 2291 fuscis,
789 2201 935 2275 inferne
957 2203 1041 2298 plus
1061 2203 1231 2276 minusve
1263 2202 1363 2278 inter
1383 2225 1466 2277 sese
1493 2204 1649 2301 oblique
1673 2205 1815 2280 distan-

329 2303 455 2393 tibus,
487 2299 636 2400 singulo
658 2323 760 2372 nunc
783 2300 943 2374 indiviso
965 2303 1197 2393 lanceolata,
1228 2303 1468 2391 acriminato,
1501 2303 1539 2376 in
1562 2304 1713 2380 aristam
1737 2308 1816 2380 lon-

330 2401 505 2500 gitudine
526 2401 606 2474 sere
629 2399 778 2474 corollae
800 2412 1024 2492 attenuato,
1055 2427 1155 2478 nunc
1179 2403 1316 2494 bilidu,
1349 2401 1495 2476 laciniis
1515 2402 1745 2479 acutissimis
1775 2404 1815 2481 in

329 2505 481 2576 aristam
502 2502 731 2591 attenuatis,
755 2497 878 2574 aristis
899 2501 1161 2600 inaequalibus,
1183 2501 1256 2578 alia
1279 2503 1352 2578 alia
1372 2501 1568 2603 longiore,
1591 2502 1741 2580 corollae
1764 2513 1816 2578 tu·
1904 2500 1907 2508 ’

329 2603 419 2676 burn
443 2609 622 2701 aequante
648 2609 716 2674 aut
736 2603 999 2701 subaequante.

278 2801 473 2878 Cononna
500 2801 707 2876 flavescens
727 2802 945 2898 (interdurn
968 2803 1035 2878 sed
1058 2823 1141 2878 raro
1162 2829 1210 2878 ex
1232 2805 1318 2878 albo
1340 2803 1478 2900 lutea)
1501 2826 1569 2877 sex
1591 2801 1639 2876 ad
1662 2811 1752 2878 octo
1773 2803 1816 2878 li-

329 2925 421 2976 neas
442 2903 572 3000 longa,
609 2901 816 3001 longiorem
840 2903 1010 3000 nuspiam
1032 2902 1129 2996 vidi,
1161 2904 1261 2978 intus
1282 2905 1436 3002 glabra,
1466 2915 1575 2978 extus
1603 2904 1815 2999 subpubes-

329 3024 442 3094 cens,
465 3000 671 3075 bilabiata:
705 3003 821 3076 tubus
840 3005 1003 3100 superne
1026 3002 1154 3096 latior,
1177 3004 1311 3101 ibique
1334 3005 1414 3100 plus
1434 3001 1604 3076 minusve
1624 3025 1812 3093 cernuus,

329 3125 513 3200 rugosus,
545 3100 625 3176 basi
649 3103 861 3202 angustior:
895 3101 999 3178 labia
1022 3102 1258 3200 longitudine
1279 3126 1380 3201 saepe
1399 3102 1585 3200 aequalia,
1616 3100 1810 3177 interdum

330 3201 433 3276 aliud
465 3200 539 3274 alio
571 3203 683 3298 paulo
717 3203 889 3293 brevius3
920 3200 1092 3296 superins
1120 3227 1358 3293 concavum,
1420 3201 1541 3277 ostioe
1575 3201 1814 3295 sarmatum,

331 3302 516 3399 crispum,
549 3312 665 3376 acute
696 3313 737 3375 et
756 3301 996 3400 inaequaliter
1018 3315 1239 3393 crenatum,
1271 3226 1541 3395 rotundatum,
1566 3301 1752 3378 nonnullis
1774 3301 1814 3378 in

329 3402 486 3476 floribus
505 3401 678 3476 obsolete
706 3401 898 3494 bilobum,
933 3412 972 3477 at
993 3425 1093 3500 saepe
1116 3401 1308 3500 integrum
1330 3403 1476 3500 absque
1508 3403 1583 3476 ulla
1603 3401 1814 3500 emargina-

333 3513 415 3576 tura
437 3503 495 3574 vel
518 3501 670 3594 fissura,
694 3501 879 3576 lateribus
899 3501 1051 3576 demum
1074 3525 1175 3600 saepe
1196 3506 1296 3576 intro
1317 3525 1389 3576 nec
1410 3512 1513 3576 retro
1535 3499 1671 3590 versis3
1695 3500 1814 3578 inter-

331 3601 421 3674 dum
444 3601 552 3675 lineis
574 3600 793 3698 purpureis,
814 3612 883 3676 aut
904 3601 1031 3675 colore
1054 3603 1205 3699 penitus
1226 3625 1440 3700 purpureo,
1472 3602 1713 3692 velcarneo,
1747 3625 1812 3674 va·

331 3702 429 3774 riare
451 3703 578 3776 lertur.
608 3701 770 3775 Labinm
793 3699 946 3776 inferius
968 3701 1171 3790 reflexum,
1205 3701 1253 3775 ad
1276 3699 1362 3775 tubi
1382 3703 1543 3776 faucem·
1559 3699 1811 3792 bibullatum,

333 3800 522 3894 trifidum,
554 3799 700 3876 laciniis
721 3799 853 3876 leviter
874 3799 1151 3899 inaequalibus,
1183 3799 1309 3874 media
1330 3800 1393 3874 vix
1414 3800 1585 3898 longiore
1616 3810 1657 3875 et
1679 3799 1742 3876 vix
1761 3801 1816 3875 la·

332 3899 450 3992 tiore,
472 3900 640 4000 rugosiS,
662 3901 898 3996 rotundatis,
920 3911 1035 3975 acute
1058 3911 1098 3975 et
1119 3901 1361 3999 inaequaliter
1382 3899 1555 3976 crenatis.

283 4099 407 4175 Sarna.
435 4102 629 4176 filamenta
651 4101 876 4198 didynama,
897 4099 1017 4189 dilute
1040 4101 1146 4192 rufa,
1167 4101 1328 4198 superne
1350 4099 1503 4197 glabra,
1528 4098 1623 4174 inlra
1646 4098 1811 4174 medium

334 4200 461 4274 villosa
482 4213 522 4276 et
544 4202 697 4294 ciliata,
721 4201 854 4298 ibique
875 4199 1010 4274 latiora
1032 4197 1421 4289 lineari-lanceolata,
1451 4214 1492 4273 et
1513 4224 1631 4297 usque
1654 4199 1701 4273 ad
1726 4197 1812 4274 tubi

334 4299 440 4374 basin
463 4311 568 4376 recte
589 4301 848 4392 decurrentia,
873 4325 999 4398 neque
1020 4325 1149 4374 eorum
1172 4299 1294 4382 nervis
1315 4300 1361 4372 ad
1386 4303 1504 4372 latera
1526 4298 1814 4398 divergentibus

333 4411 403 4474 aut
424 4401 500 4475 ulla
522 4403 701 4500 glandula
724 4401 921 4498 apparenti
946 4399 1165 4474 terminatis.
1190 4397 1371 4479 Antberae
1396 4399 1640 4480 biloculares,
1665 4397 1812 4488 bilobae,

333 4500 428 4574 lobis
449 4500 487 4574 in
508 4500 690 4599 spinulam
713 4497 964 4588 acuminatis,
987 4499 1144 4596 primum
1167 4521 1269 4596 saepe
1292 4522 1508 4594 purpureae‚
1532 4497 1685 4571 demum
1707 4497 1814 4592 rusae,

333 4603 498 4697 glabrae,
521 4601 789 4677 conniventes.
813 4623 914 4694 saepe
935 4599 1143 4684 distinctae,
1166 4597 1203 4671 in
1218 4597 1366 4671 antbesi
1385 4597 1484 4671 intra
1505 4600 1651 4672 corollae
1675 4597 1812 4672 tubum

334 4701 567 4792 reconditae,
590 4715 723 4799 postea
745 4700 807 4773 vix
829 4699 958 4797 aliqua
979 4723 1026 4772 ex
1049 4698 1145 4771 illius
1165 4699 1277 4771 lance
1297 4698 1509 4771 subexerta.

284 4897 320 4972 N
327 4924 536 4985 serrarum
563 4900 611 4975 ad
634 4899 739 4975 basin
760 4895 937 4997 germinis
960 4909 1028 4970 aut
1049 4897 1217 4988 nullum,
1239 4903 1305 4968 aut
1326 4895 1502 4993 glandula
1526 4893 1679 4968 minima
1702 4895 1812 4969 obso-

335 5003 423 5073 leta.
1162 5023 1164 5028 ’

288 5195 392 5272 Prsr.
420 5223 574 5298 germen
597 5223 798 5295 superum,
820 5197 981 5286 flavum,
1001 5220 1067 5270 seu
1091 5219 1136 5268 ex
1159 5193 1286 5268 albido
1307 5195 1534 5284 flavescens,
1564 5191 1673 5290 apice
1695 5191 1812 5266 inter·

336 5298 423 5373 dunt
456 5323 761 5397 purpurascem,
794 5299 1025 5396 oblongum,
1056 5300 1253 5384 subteres,
1284 5295 1583 5384 acutiusculum,
1617 5293 1812 5390 glabrum,

337 5408 496 5498 utroque
518 5403 634 5474 latere
663 5397 924 5473 unisulcatum.
957 5395 1084 5492 Stylus
1107 5393 1275 5468 tenuiter
1297 5391 1500 5484 lilisormis,
1535 5389 1701 5466 antheris
1731 5395 1814 5489 plns

338 5499 507 5572 minusve
529 5499 661 5589 altior,
699 5521 816 5593 usque
851 5498 899 5570 ad
924 5496 1071 5593 apicem
1094 5493 1390 5594 glabriusculus,
1421 5515 1486 5566 seu
1508 5491 1708 5592 perpaucis
1730 5491 1813 5588 pilis

339 5603 446 5674 valde
468 5599 605 5676 dissitis
625 5600 841 5674 instructus.
865 5595 1011 5694 Stigma
1033 5607 1195 5688 nutans,
1215 5617 1446 5691 purpureum
1470 5593 1620 5667 demunt
1643 5591 1813 5684 fuscum,
