4916 7110
887 544 952 656 dd
1429 569 1807 652 nnrrosntrrnn

894 769 1240 948 dpermabsemim
1259 769 1297 845 in
1318 769 1414 846 dues
1433 769 1548 845 series
1567 721 1716 870 stogoto
1743 767 1781 842 in
1801 761 1929 841 loculo
1951 763 2159 865 disposito,
2182 767 2381 845 subtotuo-

929 895 974 967 a,
1001 898 1045 948 su
1076 889 1225 972 rugosa.

851 1015 1076 1148 iirsrrm
1066 1095 1103 1146 rn
1124 1067 1217 1145 locis
1237 1067 1550 1162 humidiuseulis,
1582 1063 1895 1168 interdumque
1884 1093 1924 1144 m
1944 1068 2103 1167 rupibus
2122 1067 2231 1144 eirea
2252 1067 2380 1165 Ebur,

900 1173 1091 1260 Eborsm,
1130 1181 1171 1244 et
1201 1169 1239 1242 in
1260 1169 1415 1244 collium
1437 1127 1630 1244 radicibus
1660 1193 1737 1244 non
1756 1171 1889 1267 procui
1921 1170 1970 1243 sb
1995 1169 2081 1244 Ant
2106 1169 2267 1246 flumine
2296 1170 2379 1247 sitis

900 1269 1031 1346 Floret
1052 1229 1283 1361 D’eoenrbri,
1303 1267 1508 1363 annsrio,
1535 1261 1757 1345 Februario
1781 1259 2043 1350 Perennis..

847 1417 943 1545 'Oros
978 1483 1006 1543 t.
1011 1465 1210 1560 Variot,
1241 1466 1314 1542 etsi
1334 1489 1441 1561 roro,
1467 1462 1610 1544 corello
1630 1471 1740 1562 sibe,
1768 1467 1961 1546 interdum
1985 1487 2143 1582 qnoque
2163 1467 2379 1569 stigmatum

866 1567 1044 1644 laciniis
1062 1565 1142 1643 sete
1164 1523 1375 1660 edentulis,
1396 1571 1459 1645 'rix
1480 1589 1525 1644 se
1546 1586 1595 1645 ne
1612 1570 1675 1644 vin
1697 1571 1896 1644 introrsum
1918 1561 2047 1659 flens,
2070 1573 2111 1643 et
2131 1565 2217 1643 tiles
2238 1569 2379 1645 corono

899 1669 1059 1744 mames
1079 1667 1319 1781 longitudine
1340 1687 1372 1741 e
1376 1671 1605 1768 quontibus;
1638 1671 1729 1746 item
1751 1669 1902 1748 laciniis
1921 1629 2071 1743 corollis
2092 1661 2308 1744 minoribus
2327 1687 2381 1768 pa·

902 1771 993 1843 tulis
1012 1769 1250 1868 etobliquat'
1240 1793 1281 1844 rs.
1303 1696 1546 1869 Quapropter
1567 1768 1636 1844 Iris
1651 1769 1785 1884 patulo
1798 1769 1946 1858 Poiret,
1967 1773 2189 1870 meropnro
2212 1767 2379 1844 LsMsr·

902 1869 998 1958 ukii,
1020 1880 1061 1944 et
1081 1869 1297 1982 scorptotdes
1316 1867 1494 1946 Dessont
1509 1896 1627 1970 quae
1647 1893 1686 1944 rn
1707 1867 1891 1945 Barbaria
1913 1879 2142 1958 occurrunt,
2170 1867 2290 1968 hujus
2312 1880 2381 1946 tan·

900 1971 982 2045 tum
995 1995 1120 2068 ‚qun
1141 1968 1181 2042 in
1203 1969 1404 2045 Lusitomu
1425 1981 1467 2046 et
1487 1930 1673 2070 limparis
1693 1969 1834 2060 fertur,
1857 1977 1901 2044 ut
1921 1969 2125 2044 varietates
2144 1967 2346 2044 habendo.

851 2171 945 2244 Oss.
968 2172 1017 2243 ι.
1043 2167 1171 2244 Nimis
1196 2167 1314 2242 affinis
1347 2170 1394 2248 Ιι
1417 2169 1599 2262 Persicae3
1629 2166 1698 2244 sed
1720 2169 1847 2245 differt
1872 2169 1999 2245 colors
2030 2169 2196 2245 osernloo
2217 2165 2377 2260 eoroltae,

867 2314 872 2322 ·
900 2295 974 2344 neo
994 2293 1142 2367 semper
1163 2267 1272 2342 vuido
1292 2271 1506 2370 vosegum,
1526 2270 1750 2367 stigmatum
1773 2269 1916 2345 laciniis
1937 2270 2083 2360 acutis,
2109 2291 2184 2344 neo
2206 2273 2379 2345 rotundo·

901 2369 973 2460 tis,
996 2369 1140 2443 laciniis
1161 2367 1335 2467 quinque
1356 2369 1507 2446 corono
1526 2371 1732 2446 minoribus
1750 2369 1915 2461 obtusis
1937 2389 2009 2444 neo
2030 2371 2302 2459 sentinosum,
2322 2369 2378 2443 de·

902 2469 1021 2565 nique
1055 2469 1154 2543 soliis
1176 2469 1487 2564 praecocioribus,
1513 2496 1601 2568 quse
1630 2470 1669 2545 in
1691 2469 1838 2545 anthesi
1867 2419 2007 2568 plintae
2035 2469 2170 2568 triplo,
2204 2483 2248 2546 et
2271 2427 2376 2558 uitro,

903 2571 996 2643 flore
1017 2569 1209 2668 longiora,
1240 2591 1313 2642 neo
1333 2571 1414 2645 flori
1434 2569 1675 2670 longitudine
1696 2569 1858 2668 equatio
1879 2570 1939 2644 vel
1960 2571 2115 2668 paolo
2104 2589 2189 2666 ipso
2211 2569 2378 2670 longiore

906 2669 1083 2767 Utraque
1105 2668 1230 2743 medis
1251 2687 1331 2744 esse
1351 2671 1501 2747 ridetur
1521 2672 1621 2746 inter
1645 2672 1691 2746 ir.
1716 2671 1803 2744 vere
1824 2667 2014 2746 imberbos
2035 2680 2078 2743 et
2096 2671 2301 2761 barbatus,
2319 2691 2377 2743 seu

904 2772 1006 2844 onds
1025 2780 1164 2847 notura
1184 2768 1417 2846 intermediis
1436 2771 1724 2863 semihominis,
1746 2769 1803 2844 uti
1826 2769 1872 2845 Ir.
1893 2763 2144 2884 Sisyrinehio,
2178 2770 2319 2846 trsnsit
2337 2767 2376 2842 sd

904 2871 1104 2959 barbatam
1132 2891 1219 2944 num
1240 2872 1392 2946 macula
1414 2873 1519 2944 lutea
1540 2869 1820 2946 ersssiuseuls
1810 2893 1848 2945 m
1870 2871 2089 2982 utriusque
2091 2869 2244 2945 laciniis
2269 2867 2376 2945 ooroi-

869 2969 986 3044 imis
1007 2967 1213 3044 maioribus
1233 2969 1328 3064 sits
1354 2971 1458 3046 iente
1479 2971 1627 3046 sortiter
1647 2981 1879 3086 augescente
1906 2971 2007 3062 viss,
2041 2969 2210 3045 minimis
2234 2971 2376 3044 oculeo

896 3069 949 3143 iis
968 3069 1084 3145 dense
1107 3070 1307 3168 eohinnts,
1326 3093 1392 3148 seu
1411 3071 1505 3149 villis
1529 3069 1785 3149 brevissimis
1775 3064 1980 3148 innumeris
2000 3065 2195 3172 contiguis
2216 3080 2375 3147 constru-

894 3177 969 3245 ⁸stu
990 3193 1072 3247 esso
1094 3179 1263 3271 apparet
