4916 7110
773 527 1083 598 nuscanum
1495 571 1497 574 -
1618 505 1683 598 55

189 764 192 772 ·
225 713 440 816 parionibus
458 713 657 806 breviora,
686 708 1128 811 superiora'internodiis
1147 709 1318 812 longiora
1340 719 1380 789 et
1402 719 1556 804 ereum
1586 713 1719 792 omnia

224 817 421 896 subtiliter
441 815 598 907 striata,
627 813 805 912 utrinque
832 825 876 888 et
898 813 948 890 ad
968 812 1160 913 margines
1181 813 1335 906 villosa,
1365 812 1556 888 interdum
1578 817 1718 898 subtus

226 915 593 1018 glabriuscula‚.sed
609 915 713 992 lente
727 914 813 992 ‚visa
834 911 1308 1012 tenuissimelanuginosa.
1329 912 1481 1013 Vagioa
1501 913 1719 1014 longiuscu-

225 1019 291 1108 la„
305 1017 597 1106 strictc,·dorsc
619 1026 659 1094 et
681 1015 728 1092 s'd
751 1023 942 1118 margines
961 1015 1092 1114 pilosa.
1108 1012 1253 1114 ‘ligula
1276 1013 1422 1110 brevis,
1445 1014 1718 1092 lacerodenti·

224 1119 376 1210 wculcita,
399 1115 774 1215 cibato-pubescens.

182 1312 386 1398 Punicum
412 1315 643 1406 terminalis,
665 1315 1007 1414 erecta,.spicato¹,
1028 1313 1294 1412 cylindmcea,
1321 1335 1389 1389 seu
1405 1301 1716 1414 'ovato-cylindri·

225 1444 295 1507 ca,
326 1418 612 1515 sesquiuociam
643 1418 694 1494 nd
716 1423 945 1512 treaauncias
974 1419 1112 1518 longa,
1145 1417 1282 1510 sonsirp
1306 1419 1437 1490 veisun
1469 1419 1616 1514 apicem
1650 1441 1716 1490 an·

228 1526 405 1618 gustatu,
437 1529 477 1594 ct
500 1517 553 1592 ibi
586 1517 851 1608 acutiuscula,
880 1518 1030 1612 densa,
1054 1517 1093 1590 in
1114 1514 1263 1590 antbeai
1287 1515 1521 1606 laxiuscula,
1554 1527 1643 1590 urite
1676 1527 1718 1592 et

227 1629 314 1716 post
335 1618 435 1695 illam
457 1609 819 1702 subteretisormitar
840 1623 1076 1707 contractam¹
1091 1615 1192 1690 rachi
1214 1615 1410 1692 communi
1433 1615 1714 1716 glabriuscnla,

227 1717 436 1806 ramulosa3
459 1717 677 1818 exsingnlis
698 1717 866 1816 ejusdem
889 1719 998 1792 nodis
1020 1717 1261 1793 inferioribus
1282 1717 1418 1793 ramuli
1441 1728 1517 1791 tres
1538 1727 1718 1814 quatuor·

228 1841 276 1890 ve
297 1817 528 1910 brevissimi,
550 1819 879 1917 subpub'escentea
900 1819 1005 1896 lente
1026 1820 1106 1894 irini.

183 2018 361 2096 Serenum
384 2016 423 2094 in
446 2019 598 2093 ramulis
617 2017 858 2112 subsessiles,
885 2022 1085 2120 contigua
1106 2029 1147 2094 et
1172 2019 1280 2118 quasi
1302 2017 1536 2112 imbricatim,
1569 2028 1716 2110 ovatae,

229 2141 476 2216 compressa,
507 2119 601 2194 duas
623 2119 743 2194 lineas
776 2120 824 2194 ad
845 2121 924 2196 iere
946 2131 1111 2220 quatuor
1142 2119 1288 2218 longoe,
1320 2117 1616 2218 sesquilineam,
1648 2129 1718 2194 aut

229 2218 345 2314 paulo
366 2218 488 2309 ultra,
510 2219 548 2292 in
563 2218 690 2292 medio
712 2220 821 2310 latae,
847 2245 949 2320 saepe
972 2233 1136 2320 quatuor
1156 2220 1206 2293 ad
1225 2220 1418 2304 sexflore,
1443 2244 1527 2292 raro
1551 2219 1716 2310 triflorae,

228 2327 374 2414 septem
406 2342 474 2394 seu
494 2319 688 2394 octoflorae
722 2319 761 2394 in
781 2322 917 2396 eadem
942 2323 1130 2419 panicula.
1169 2319 1334 2394 Flosouli
1356 2318 1529 2408 distichi,
1561 2317 1715 2418 propin-

229 2415 408 2515 quissime
429 2417 588 2512 alterni,
619 2441 687 2494 seu
710 2421 791 2495 lare
811 2421 999 2520 oppositi,
1030 2420 1199 2511 sessiles,
1231 2419 1369 2494 sensim
1402 2440 1532 2495 versus
1558 2419 1715 2520 apiculae

231 2515 381 2615 apicem
402 2519 587 2611 minores,
609 2527 804 2596 extremus
825 2522 1018 2598 interdurn
1042 2521 1187 2596 effetus.
1244 2581 1247 2588 .

184 2717 329 2794 Gnuua
357 2717 551 2816 calycina,
572 2718 739 2794 flosculis
762 2720 993 2809 communis,
1027 2720 1207 2808 bivalvis;
1241 2719 1398 2794 valvnlae
1421 2729 1569 2810 acutae,
1602 2719 1717 2794 muti-

232 2843 308 2910 cae,
342 2818 548 2911 triuerves,
580 2843 842 2916 compressae,¹
859 2821 1093 2918 marginibus
1122 2819 1297 2894 scariosae
1331 2821 1576 2919 glabraeque,
1604 2820 1716 2894 dorso

229 2918 369 2993 virides
389 2928 430 2992 et
449 2917 724 3009 subcarinatae,
746 2919 886 3010 carini,
906 2945 972 2995 seu
996 2921 1108 3017 paulo
1131 2919 1232 2994 ultra
1253 2919 1352 2994 illius
1373 2918 1553 3004 medium,
1574 2922 1719 2994 scabrae

232 3029 273 3093 et
293 3017 419 3116 pilosae
432 3074 442 3109 ,
472 3019 533 3092 vel
554 3020 828 3116 pubescentes,
861 3019 1087 3118 inaequales,
1120 3019 1193 3094 alia
1214 3029 1418 3120 angustata
1438 3017 1610 3111 brevior,
1643 3019 1717 3094 alia

230 3118 346 3191 latior
365 3142 466 3215 saepe
487 3117 755 3216 sesquilineam
778 3120 892 3220 longa
922 3133 962 3195 et
981 3121 1097 3220 paulo
1121 3119 1218 3194 ultra
1237 3119 1394 3218 spiculae
1426 3118 1595 3194 medium
1629 3141 1717 3218 pro·

233 3227 353 3292 tensa.

184 3417 391 3494 Cononnm
417 3415 579 3493 valvulae
599 3442 843 3518 compressae,
867 3417 1096 3518 iuaequales3
1115 3430 1274 3496 externa
1295 3427 1430 3510 acuta,
1452 3443 1582 3518 parum
1606 3420 1720 3496 altior

235 3529 276 3593 et
298 3518 457 3619 largior,
481 3517 676 3612 trinervis,
699 3517 845 3610 viridis,
869 3517 1104 3621 marginibus
1125 3520 1287 3620 etapice
1307 3519 1472 3594 scariosa
1493 3519 1718 3618 glabraque,

234 3619 345 3694 dorso
365 3618 631 3710 subcarinata,
651 3617 786 3718 ibique
808 3620 944 3695 scabra
965 3629 1116 3719 etsaepe
1137 3622 1276 3720 pilosa,
1299 3619 1409 3718 apice
1429 3645 1530 3694 nunc
1551 3619 1720 3720 integer·

233 3717 342 3810 rima,
362 3744 461 3793 nunc
484 3719 620 3794 leviter
641 3719 773 3808 bifida,
793 3720 909 3818 paulo
928 3719 1024 3794 infra
1047 3721 1193 3816 apicem
1217 3721 1386 3811 aristata,
1409 3720 1525 3794 arista
1546 3719 1720 3794 brevissi-

234 3843 318 3912 ma,
338 3821 495 3910 scabra,
518 3829 670 3894 erecta:
703 3820 855 3894 valvula
874 3819 1023 3894 interna
1046 3822 1358 3912 membranacea,
1390 3818 1540 3912 albida,
1566 3819 1720 3918 subpla-

233 3945 306 4009 na,
326 3919 437 4016 apice
459 3917 646 4018 profunde
668 3917 808 4010 bifida,
829 3919 995 4014 motion,
1020 3920 1171 4019 glabra,
1193 3920 1363 4021 margine
1387 3930 1552 4017 utroque
1576 3921 1720 3996 uniner·

234 4018 312 4113 vis,
334 4030 375 4094 et
396 4017 452 4094 ibi
472 4021 689 4118 pubescens
709 4019 814 4094 lente
837 4019 925 4094 visa.

183 4218 432 4318 Nscrsnruu
457 4217 757 4310 bilamellatum;
778 4217 938 4294 lamellis
958 4217 1117 4314 albidis,
1144 4218 1293 4316 ovatis,
1328 4217 1496 4314 obtusis,
1529 4217 1612 4294 basi
1635 4217 1720 4318 gib-

237 4317 317 4410 bis,
334 4318 511 4418 germine
534 4317 782 4394 brevioribus.

183 4517 312 4592 Scau.
340 4515 535 4592 filameuta
558 4517 630 4592 tria
650 4520 747 4592 intra
771 4517 1006 4612 nectarium,
1029 4518 1244 4618 capillaria,
1276 4517 1419 4594 brevia.
1456 4517 1640 4596 Antherae
1663 4519 1721 4596 lu·

238 4628 333 4711 leae,
359 4617 557 4716 oblongae,
580 4617 765 4710 lineares,
790 4618 970 4716 utrinque
991 4618 1159 4694 furcatae.

185 4817 293 4892 Prsn.
324 4817 495 4892 Germen
523 4815 736 4908 subovale,
769 4815 877 4916 stylis
907 4815 1058 4892 duobus
1088 4817 1252 4893 minimis
1283 4817 1432 4892 reflexis
1464 4815 1721 4894 terminatum.

237 4918 427 5018 Stigmata
448 4917 642 5018 plumosa,
667 4913 830 5026 byalina.

184 5116 329 5192 Souara
358 5117 535 5210 unicum,
562 5117 691 5211 ovalo,
714 5115 1018 5210 acutiusculum,
1041 5117 1181 5193 corolla
1203 5125 1363 5192 tectum.

183 5319 379 5395 Hnnr‘ran
405 5318 454 5394 ad
476 5318 575 5411 vias,
602 5340 785 5492 aggeres,
806 5325 958 5416 segetes
978 5316 1081 5392 circa
1093 5315 1403 5406 conimbricam,
1424 5315 1658 5415 Olisiponem
1682 5327 1723 5394 et

239 5417 330 5493 alibi
365 5418 402 5493 in
424 5417 538 5493 Beira
569 5429 610 5494 et

670 5417 920 5493 xtremadura.
956 5418 1085 5493 Floret
1110 5441 1199 5494 vere
1232 5429 1273 5493 et
1295 5415 1486 5492 interdum
1521 5441 1642 5517 usque
1674 5419 1722 5494 ad

237 5517 392 5594 Julium.
423 5525 602 5595 Annua.⁴
