<?xml version="1.0" encoding="UTF-8"?>
<!DOCTYPE html PUBLIC "-//W3C//DTD XHTML 1.0 Transitional//EN"
    "http://www.w3.org/TR/xhtml1/DTD/xhtml1-transitional.dtd">
<html xmlns="http://www.w3.org/1999/xhtml" xml:lang="en" lang="en">
 <head>
  <title>
</title>
<meta http-equiv="Content-Type" content="text/html;charset=utf-8" />
  <meta name='ocr-system' content='tesseract 3.04.00' />
  <meta name='ocr-capabilities' content='ocr_page ocr_carea ocr_par ocr_line ocrx_word'/>
</head>
<body>
  <div class='ocr_page' id='page_1' title='image "./phytographialus00brotgoog_0359.png"; bbox 0 0 5860 7198; ppageno 0'>
   <div class='ocr_carea' id='block_1_1' title="bbox 836 498 1734 608">
    <p class='ocr_par' dir='ltr' id='par_1_1' title="bbox 836 498 1734 608">
     <span class='ocr_line' id='line_1_1' title="bbox 836 498 1734 608; baseline 0.011 -11"><span class='ocrx_word' id='word_1_1' title='bbox 836 532 1132 600; x_wconf 70' lang='lat' dir='ltr'><strong>namuurum</strong></span> <span class='ocrx_word' id='word_1_2' title='bbox 1640 498 1734 608; x_wconf 73' lang='lat'><strong>193</strong></span> 
     </span>
    </p>
   </div>
   <div class='ocr_carea' id='block_1_2' title="bbox 235 697 1720 820">
    <p class='ocr_par' dir='ltr' id='par_1_2' title="bbox 235 697 1720 820">
     <span class='ocr_line' id='line_1_2' title="bbox 235 697 1720 820; baseline 0.003 -26"><span class='ocrx_word' id='word_1_3' title='bbox 235 701 416 794; x_wconf 78' lang='lat' dir='ltr'><strong>l&#39;rsrrunr</strong></span> <span class='ocrx_word' id='word_1_4' title='bbox 444 738 603 817; x_wconf 82' lang='lat' dir='ltr'><strong>germen</strong></span> <span class='ocrx_word' id='word_1_5' title='bbox 622 713 911 796; x_wconf 90' lang='lat' dir='ltr'><strong>subrotnndnm.</strong></span> <span class='ocrx_word' id='word_1_6' title='bbox 931 717 1029 818; x_wconf 85' lang='lat' dir='ltr'><strong>Styli</strong></span> <span class='ocrx_word' id='word_1_7' title='bbox 1050 720 1128 795; x_wconf 91' lang='lat' dir='ltr'><strong>dno</strong></span> <span class='ocrx_word' id='word_1_8' title='bbox 1148 718 1293 794; x_wconf 85' lang='lat' dir='ltr'><strong>breves.</strong></span> <span class='ocrx_word' id='word_1_9' title='bbox 1317 697 1507 820; x_wconf 76' lang='lat' dir='ltr'><strong>Stigmata</strong></span> <span class='ocrx_word' id='word_1_10' title='bbox 1527 719 1720 820; x_wconf 87' lang='lat' dir='ltr'><strong>simplicia.</strong></span> 
     </span>
    </p>
   </div>
   <div class='ocr_carea' id='block_1_3' title="bbox 236 915 1773 1516">
    <p class='ocr_par' dir='ltr' id='par_1_3' title="bbox 236 915 1773 1516">
     <span class='ocr_line' id='line_1_3' title="bbox 236 915 1773 1017; baseline 0.005 -25"><span class='ocrx_word' id='word_1_11' title='bbox 236 920 429 992; x_wconf 77' lang='lat' dir='ltr'><strong>Caranus</strong></span> <span class='ocrx_word' id='word_1_12' title='bbox 456 941 593 1014; x_wconf 87' lang='lat' dir='ltr'><strong>parva,</strong></span> <span class='ocrx_word' id='word_1_13' title='bbox 624 915 929 1015; x_wconf 87' lang='lat' dir='ltr'><strong>globosiuscula,</strong></span> <span class='ocrx_word' id='word_1_14' title='bbox 958 919 1080 1017; x_wconf 87' lang='lat' dir='ltr'><strong>calyci</strong></span> <span class='ocrx_word' id='word_1_15' title='bbox 1106 919 1155 992; x_wconf 87' lang='lat' dir='ltr'><strong>ad</strong></span> <span class='ocrx_word' id='word_1_16' title='bbox 1176 916 1371 994; x_wconf 89' lang='lat' dir='ltr'><strong>dimidium</strong></span> <span class='ocrx_word' id='word_1_17' title='bbox 1394 921 1473 994; x_wconf 73' lang='lat' dir='ltr'><strong>sere</strong></span> <span class='ocrx_word' id='word_1_18' title='bbox 1493 921 1693 1016; x_wconf 84' lang='lat' dir='ltr'><strong>immersa,</strong></span> <span class='ocrx_word' id='word_1_19' title='bbox 1715 924 1773 999; x_wconf 89' lang='lat' dir='ltr'><strong>in-</strong></span> 
     </span>
     <span class='ocr_line' id='line_1_4' title="bbox 282 1016 1772 1118; baseline 0.005 -25"><span class='ocrx_word' id='word_1_20' title='bbox 282 1019 340 1093; x_wconf 83' lang='lat' dir='ltr'><strong>fra</strong></span> <span class='ocrx_word' id='word_1_21' title='bbox 365 1018 531 1092; x_wconf 89' lang='lat' dir='ltr'><strong>medium</strong></span> <span class='ocrx_word' id='word_1_22' title='bbox 555 1016 837 1108; x_wconf 88' lang='lat' dir='ltr'><strong>circumscissa,</strong></span> <span class='ocrx_word' id='word_1_23' title='bbox 859 1017 1098 1106; x_wconf 89' lang='lat' dir='ltr'><strong>bilocularis‚</strong></span> <span class='ocrx_word' id='word_1_24' title='bbox 1127 1018 1261 1092; x_wconf 88' lang='lat' dir='ltr'><strong>loculis</strong></span> <span class='ocrx_word' id='word_1_25' title='bbox 1281 1019 1487 1118; x_wconf 88' lang='lat' dir='ltr'><strong>dispermis.</strong></span> <span class='ocrx_word' id='word_1_26' title='bbox 1510 1023 1663 1098; x_wconf 80' lang='lat' dir='ltr'><strong>Semina</strong></span> <span class='ocrx_word' id='word_1_27' title='bbox 1683 1026 1772 1100; x_wconf 88' lang='lat' dir='ltr'><strong>sub-</strong></span> 
     </span>
     <span class='ocr_line' id='line_1_5' title="bbox 285 1117 1771 1217; baseline 0.006 -27"><span class='ocrx_word' id='word_1_28' title='bbox 285 1119 471 1216; x_wconf 87' lang='lat' dir='ltr'><strong>globosa,</strong></span> <span class='ocrx_word' id='word_1_29' title='bbox 492 1117 759 1214; x_wconf 85' lang='lat' dir='ltr'><strong>dissepimentn</strong></span> <span class='ocrx_word' id='word_1_30' title='bbox 781 1141 897 1214; x_wconf 86' lang='lat' dir='ltr'>prope</span> <span class='ocrx_word' id='word_1_31' title='bbox 919 1119 1026 1192; x_wconf 86' lang='lat' dir='ltr'><strong>basin</strong></span> <span class='ocrx_word' id='word_1_32' title='bbox 1051 1117 1181 1208; x_wconf 79' lang='lat' dir='ltr'><strong>affixa5</strong></span> <span class='ocrx_word' id='word_1_33' title='bbox 1208 1118 1356 1194; x_wconf 92' lang='lat' dir='ltr'><strong>illorum</strong></span> <span class='ocrx_word' id='word_1_34' title='bbox 1377 1121 1555 1196; x_wconf 81' lang='lat' dir='ltr'><strong>albumen</strong></span> <span class='ocrx_word' id='word_1_35' title='bbox 1577 1125 1771 1217; x_wconf 78' lang='lat' dir='ltr'><strong>neutrale,</strong></span> 
     </span>
     <span class='ocr_line' id='line_1_6' title="bbox 284 1217 1771 1318; baseline 0.006 -29"><span class='ocrx_word' id='word_1_36' title='bbox 284 1241 513 1304; x_wconf 70' lang='lat' dir='ltr'><strong>carnosum</strong></span> <span class='ocrx_word' id='word_1_37' title='bbox 535 1217 704 1314; x_wconf 86' lang='lat' dir='ltr'><strong>plantula</strong></span> <span class='ocrx_word' id='word_1_38' title='bbox 724 1217 915 1290; x_wconf 87' lang='lat' dir='ltr'><strong>seminalis</strong></span> <span class='ocrx_word' id='word_1_39' title='bbox 937 1217 1155 1292; x_wconf 78' lang='lat' dir='ltr'>tenuissime</span> <span class='ocrx_word' id='word_1_40' title='bbox 1176 1217 1378 1312; x_wconf 84' lang='lat' dir='ltr'><strong>filiformia,</strong></span> <span class='ocrx_word' id='word_1_41' title='bbox 1402 1221 1570 1318; x_wconf 73' lang='lat' dir='ltr'><strong>spiraliS,</strong></span> <span class='ocrx_word' id='word_1_42' title='bbox 1594 1225 1697 1299; x_wconf 86' lang='lat' dir='ltr'><strong>circa</strong></span> <span class='ocrx_word' id='word_1_43' title='bbox 1718 1226 1771 1298; x_wconf 88' lang='lat' dir='ltr'><strong>al-</strong></span> 
     </span>
     <span class='ocr_line' id='line_1_7' title="bbox 285 1315 1773 1416; baseline 0.005 -26"><span class='ocrx_word' id='word_1_44' title='bbox 285 1319 434 1406; x_wconf 86' lang='lat' dir='ltr'><strong>bumen</strong></span> <span class='ocrx_word' id='word_1_45' title='bbox 465 1318 690 1408; x_wconf 86' lang='lat' dir='ltr'><strong>convoluta,</strong></span> <span class='ocrx_word' id='word_1_46' title='bbox 723 1341 769 1390; x_wconf 85' lang='lat' dir='ltr'><strong>ex</strong></span> <span class='ocrx_word' id='word_1_47' title='bbox 802 1315 964 1391; x_wconf 85' lang='lat' dir='ltr'><strong>Linnaeo</strong></span> <span class='ocrx_word' id='word_1_48' title='bbox 997 1319 1296 1416; x_wconf 88' lang='lat' dir='ltr'><strong>acotyledonea‚</strong></span> <span class='ocrx_word' id='word_1_49' title='bbox 1327 1333 1368 1394; x_wconf 88' lang='lat' dir='ltr'><strong>at</strong></span> <span class='ocrx_word' id='word_1_50' title='bbox 1400 1343 1448 1393; x_wconf 83' lang='lat' dir='ltr'><strong>ex</strong></span> <span class='ocrx_word' id='word_1_51' title='bbox 1479 1322 1702 1400; x_wconf 85' lang='lat' dir='ltr'><strong>Adansonro</strong></span> <span class='ocrx_word' id='word_1_52' title='bbox 1732 1335 1773 1398; x_wconf 91' lang='lat' dir='ltr'><strong>et</strong></span> 
     </span>
     <span class='ocr_line' id='line_1_8' title="bbox 286 1416 1623 1516; baseline 0.003 -24"><span class='ocrx_word' id='word_1_53' title='bbox 286 1417 504 1492; x_wconf 86' lang='lat' dir='ltr'><strong>Gaertnero</strong></span> <span class='ocrx_word' id='word_1_54' title='bbox 524 1416 915 1516; x_wconf 86' lang='lat' dir='ltr'><strong>monocotyledonea,</strong></span> <span class='ocrx_word' id='word_1_55' title='bbox 942 1417 1067 1516; x_wconf 88' lang='lat' dir='ltr'><strong>qualis</strong></span> <span class='ocrx_word' id='word_1_56' title='bbox 1087 1417 1204 1492; x_wconf 90' lang='lat' dir='ltr'><strong>etiam</strong></span> <span class='ocrx_word' id='word_1_57' title='bbox 1227 1417 1336 1492; x_wconf 82' lang='lat' dir='ltr'><strong>nobis</strong></span> <span class='ocrx_word' id='word_1_58' title='bbox 1356 1443 1438 1493; x_wconf 85' lang='lat' dir='ltr'><strong>esse</strong></span> <span class='ocrx_word' id='word_1_59' title='bbox 1461 1421 1623 1498; x_wconf 83' lang='lat' dir='ltr'><strong>videtur.</strong></span> 
     </span>
    </p>
   </div>
   <div class='ocr_carea' id='block_1_4' title="bbox 238 1616 1884 1894">
    <p class='ocr_par' dir='ltr' id='par_1_4' title="bbox 238 1616 1884 1894">
     <span class='ocr_line' id='line_1_9' title="bbox 238 1616 1773 1720; baseline 0.001 -23"><span class='ocrx_word' id='word_1_60' title='bbox 238 1619 401 1697; x_wconf 75' lang='lat' dir='ltr'><strong>luuascr</strong></span> <span class='ocrx_word' id='word_1_61' title='bbox 433 1627 474 1692; x_wconf 87' lang='lat' dir='ltr'><strong>et</strong></span> <span class='ocrx_word' id='word_1_62' title='bbox 498 1641 739 1692; x_wconf 81' lang='lat' dir='ltr'><strong>succrescere</strong></span> <span class='ocrx_word' id='word_1_63' title='bbox 768 1616 867 1691; x_wconf 85' lang='lat' dir='ltr'><strong>solet</strong></span> <span class='ocrx_word' id='word_1_64' title='bbox 898 1643 1170 1716; x_wconf 89' lang='lat' dir='ltr'><strong>nonnunquam</strong></span> <span class='ocrx_word' id='word_1_65' title='bbox 1203 1617 1243 1691; x_wconf 95' lang='lat' dir='ltr'><strong>in</strong></span> <span class='ocrx_word' id='word_1_66' title='bbox 1269 1621 1428 1693; x_wconf 83' lang='lat' dir='ltr'><strong>racemis</strong></span> <span class='ocrx_word' id='word_1_67' title='bbox 1455 1619 1556 1695; x_wconf 86' lang='lat' dir='ltr'><strong>Vitis</strong></span> <span class='ocrx_word' id='word_1_68' title='bbox 1586 1625 1773 1720; x_wconf 71' lang='lat' dir='ltr'><strong>omisere,</strong></span> 
     </span>
     <span class='ocr_line' id='line_1_10' title="bbox 283 1715 1884 1816; baseline 0.001 -21"><span class='ocrx_word' id='word_1_69' title='bbox 283 1721 324 1796; x_wconf 92' lang='lat' dir='ltr'><strong>iu</strong></span> <span class='ocrx_word' id='word_1_70' title='bbox 338 1719 583 1811; x_wconf 78' lang='lat' dir='ltr'><strong>Cuntncltt&#39;dc,</strong></span> <span class='ocrx_word' id='word_1_71' title='bbox 604 1716 801 1810; x_wconf 70' lang='lat' dir='ltr'><strong>otte-Ilios,</strong></span> <span class='ocrx_word' id='word_1_72' title='bbox 824 1727 865 1791; x_wconf 89' lang='lat' dir='ltr'><strong>et</strong></span> <span class='ocrx_word' id='word_1_73' title='bbox 876 1717 968 1792; x_wconf 87' lang='lat' dir='ltr'><strong>alibi</strong></span> <span class='ocrx_word' id='word_1_74' title='bbox 988 1715 1092 1792; x_wconf 88' lang='lat' dir='ltr'><strong>circa</strong></span> <span class='ocrx_word' id='word_1_75' title='bbox 1102 1717 1349 1816; x_wconf 87' lang='lat' dir='ltr'><strong>Olisiponem.</strong></span> <span class='ocrx_word' id='word_1_76' title='bbox 1372 1719 1502 1794; x_wconf 85' lang='lat' dir='ltr'><strong>Floret</strong></span> <span class='ocrx_word' id='word_1_77' title='bbox 1524 1732 1669 1801; x_wconf 86' lang='lat' dir='ltr'><strong>aestate.</strong></span> <span class='ocrx_word' id='word_1_78' title='bbox 1692 1726 1773 1799; x_wconf 88' lang='lat' dir='ltr'><strong>An·</strong></span> <span class='ocrx_word' id='word_1_79' title='bbox 1879 1759 1884 1768; x_wconf 91' lang='lat'>·</span> 
     </span>
     <span class='ocr_line' id='line_1_11' title="bbox 285 1845 374 1894; baseline -0.011 0"><span class='ocrx_word' id='word_1_80' title='bbox 285 1845 374 1894; x_wconf 89' lang='lat' dir='ltr'><strong>nna.</strong></span> 
     </span>
    </p>
   </div>
   <div class='ocr_carea' id='block_1_5' title="bbox 236 2016 1778 3218">
    <p class='ocr_par' dir='ltr' id='par_1_5' title="bbox 236 2016 1778 3218">
     <span class='ocr_line' id='line_1_12' title="bbox 236 2016 1774 2117; baseline 0.004 -25"><span class='ocrx_word' id='word_1_81' title='bbox 236 2019 456 2096; x_wconf 70' lang='lat' dir='ltr'><strong>vaurms</strong></span> <span class='ocrx_word' id='word_1_82' title='bbox 483 2019 666 2092; x_wconf 84' lang='lat' dir='ltr'><strong>Cusoutae</strong></span> <span class='ocrx_word' id='word_1_83' title='bbox 687 2016 850 2114; x_wconf 90' lang='lat' dir='ltr'><strong>vulgaris</strong></span> <span class='ocrx_word' id='word_1_84' title='bbox 870 2019 1056 2116; x_wconf 86' lang='lat' dir='ltr'><strong>Europeae</strong></span> <span class='ocrx_word' id='word_1_85' title='bbox 1077 2029 1157 2110; x_wconf 86' lang='lat' dir='ltr'><strong>est,</strong></span> <span class='ocrx_word' id='word_1_86' title='bbox 1182 2045 1268 2117; x_wconf 81' lang='lat' dir='ltr'><strong>quae</strong></span> <span class='ocrx_word' id='word_1_87' title='bbox 1287 2019 1473 2094; x_wconf 84' lang='lat' dir='ltr'><strong>rarissime</strong></span> <span class='ocrx_word' id='word_1_88' title='bbox 1496 2044 1541 2094; x_wconf 91' lang='lat' dir='ltr'><strong>ac</strong></span> <span class='ocrx_word' id='word_1_89' title='bbox 1562 2023 1710 2098; x_wconf 78' lang='lat' dir='ltr'><strong>tantum</strong></span> <span class='ocrx_word' id='word_1_90' title='bbox 1736 2025 1774 2098; x_wconf 90' lang='lat' dir='ltr'><strong>in</strong></span> 
     </span>
     <span class='ocr_line' id='line_1_13' title="bbox 286 2115 1774 2216; baseline 0.003 -22"><span class='ocrx_word' id='word_1_91' title='bbox 286 2118 418 2216; x_wconf 88' lang='lat' dir='ltr'><strong>aliquo</strong></span> <span class='ocrx_word' id='word_1_92' title='bbox 440 2142 592 2192; x_wconf 81' lang='lat' dir='ltr'><strong>racemo</strong></span> <span class='ocrx_word' id='word_1_93' title='bbox 613 2121 738 2192; x_wconf 79' lang='lat' dir='ltr'><strong>altiori</strong></span> <span class='ocrx_word' id='word_1_94' title='bbox 753 2115 852 2191; x_wconf 84' lang='lat' dir='ltr'><strong>Vitis</strong></span> <span class='ocrx_word' id='word_1_95' title='bbox 869 2117 1033 2213; x_wconf 80' lang='lat' dir='ltr'><strong>viniscroe</strong></span> <span class='ocrx_word' id='word_1_96' title='bbox 1054 2119 1131 2192; x_wconf 88' lang='lat' dir='ltr'><strong>alte</strong></span> <span class='ocrx_word' id='word_1_97' title='bbox 1149 2117 1407 2212; x_wconf 81' lang='lat' dir='ltr'><strong>cantheriatae,</strong></span> <span class='ocrx_word' id='word_1_98' title='bbox 1428 2145 1503 2194; x_wconf 92' lang='lat' dir='ltr'><strong>non</strong></span> <span class='ocrx_word' id='word_1_99' title='bbox 1523 2124 1611 2195; x_wconf 77' lang='lat' dir='ltr'><strong>vero</strong></span> <span class='ocrx_word' id='word_1_100' title='bbox 1634 2126 1671 2196; x_wconf 91' lang='lat' dir='ltr'><strong>in</strong></span> <span class='ocrx_word' id='word_1_101' title='bbox 1692 2124 1774 2198; x_wconf 90' lang='lat' dir='ltr'><strong>aliis</strong></span> 
     </span>
     <span class='ocr_line' id='line_1_14' title="bbox 286 2216 1776 2314; baseline 0.004 -21"><span class='ocrx_word' id='word_1_102' title='bbox 286 2219 472 2300; x_wconf 77' lang='lat' dir='ltr'><strong>racemis,</strong></span> <span class='ocrx_word' id='word_1_103' title='bbox 508 2241 578 2291; x_wconf 93' lang='lat' dir='ltr'><strong>nec</strong></span> <span class='ocrx_word' id='word_1_104' title='bbox 605 2216 695 2291; x_wconf 87' lang='lat' dir='ltr'><strong>alibi</strong></span> <span class='ocrx_word' id='word_1_105' title='bbox 728 2220 765 2289; x_wconf 89' lang='lat' dir='ltr'><strong>in</strong></span> <span class='ocrx_word' id='word_1_106' title='bbox 786 2217 956 2314; x_wconf 87' lang='lat' dir='ltr'><strong>ejusdem</strong></span> <span class='ocrx_word' id='word_1_107' title='bbox 979 2244 1168 2292; x_wconf 88' lang='lat' dir='ltr'><strong>ramorum</strong></span> <span class='ocrx_word' id='word_1_108' title='bbox 1201 2229 1267 2290; x_wconf 88' lang='lat' dir='ltr'><strong>aut</strong></span> <span class='ocrx_word' id='word_1_109' title='bbox 1287 2219 1405 2292; x_wconf 90' lang='lat' dir='ltr'><strong>caulis</strong></span> <span class='ocrx_word' id='word_1_110' title='bbox 1426 2217 1569 2294; x_wconf 88' lang='lat' dir='ltr'><strong>cortice</strong></span> <span class='ocrx_word' id='word_1_111' title='bbox 1596 2226 1776 2299; x_wconf 90' lang='lat' dir='ltr'><strong>occurrit.</strong></span> 
     </span>
     <span class='ocr_line' id='line_1_15' title="bbox 287 2315 1775 2420; baseline 0.001 -28"><span class='ocrx_word' id='word_1_112' title='bbox 287 2317 477 2392; x_wconf 88' lang='lat' dir='ltr'><strong>Nonnulli</strong></span> <span class='ocrx_word' id='word_1_113' title='bbox 497 2315 673 2416; x_wconf 75' lang='lat' dir='ltr'><strong>agricolae</strong></span> <span class='ocrx_word' id='word_1_114' title='bbox 694 2340 777 2388; x_wconf 84' lang='lat' dir='ltr'><strong>earn</strong></span> <span class='ocrx_word' id='word_1_115' title='bbox 801 2341 850 2390; x_wconf 81' lang='lat' dir='ltr'><strong>ex</strong></span> <span class='ocrx_word' id='word_1_116' title='bbox 870 2318 1078 2391; x_wconf 90' lang='lat' dir='ltr'><strong>seminibus</strong></span> <span class='ocrx_word' id='word_1_117' title='bbox 1098 2317 1255 2391; x_wconf 88' lang='lat' dir='ltr'><strong>maturis</strong></span> <span class='ocrx_word' id='word_1_118' title='bbox 1279 2317 1463 2391; x_wconf 86' lang='lat' dir='ltr'><strong>Cuscutae</strong></span> <span class='ocrx_word' id='word_1_119' title='bbox 1485 2321 1667 2417; x_wconf 71' lang='lat' dir='ltr'><strong>vulgaras,</strong></span> <span class='ocrx_word' id='word_1_120' title='bbox 1689 2348 1775 2420; x_wconf 85' lang='lat' dir='ltr'><strong>quae</strong></span> 
     </span>
     <span class='ocr_line' id='line_1_16' title="bbox 287 2416 1777 2517; baseline 0.001 -24"><span class='ocrx_word' id='word_1_121' title='bbox 287 2419 327 2493; x_wconf 91' lang='lat' dir='ltr'><strong>in</strong></span> <span class='ocrx_word' id='word_1_122' title='bbox 351 2419 491 2515; x_wconf 87' lang='lat' dir='ltr'><strong>plantis</strong></span> <span class='ocrx_word' id='word_1_123' title='bbox 510 2416 643 2490; x_wconf 87' lang='lat' dir='ltr'><strong>vicinis</strong></span> <span class='ocrx_word' id='word_1_124' title='bbox 663 2417 900 2508; x_wconf 83' lang='lat' dir='ltr'><strong>increverat,</strong></span> <span class='ocrx_word' id='word_1_125' title='bbox 932 2443 955 2490; x_wconf 86' lang='lat' dir='ltr'><strong>a</strong></span> <span class='ocrx_word' id='word_1_126' title='bbox 976 2427 1090 2492; x_wconf 87' lang='lat' dir='ltr'><strong>vento</strong></span> <span class='ocrx_word' id='word_1_127' title='bbox 1122 2416 1299 2491; x_wconf 86' lang='lat' dir='ltr'><strong>adductis</strong></span> <span class='ocrx_word' id='word_1_128' title='bbox 1319 2418 1380 2490; x_wconf 91' lang='lat' dir='ltr'><strong>vel</strong></span> <span class='ocrx_word' id='word_1_129' title='bbox 1412 2420 1461 2492; x_wconf 87' lang='lat' dir='ltr'><strong>ab</strong></span> <span class='ocrx_word' id='word_1_130' title='bbox 1486 2419 1620 2493; x_wconf 87' lang='lat' dir='ltr'><strong>avibus</strong></span> <span class='ocrx_word' id='word_1_131' title='bbox 1645 2421 1777 2517; x_wconf 67' lang='lat' dir='ltr'><strong>pulve⁴</strong></span> 
     </span>
     <span class='ocr_line' id='line_1_17' title="bbox 289 2514 1776 2614; baseline 0.001 -22"><span class='ocrx_word' id='word_1_132' title='bbox 289 2519 495 2593; x_wconf 74' lang='lat' dir='ltr'><strong>retricibus</strong></span> <span class='ocrx_word' id='word_1_133' title='bbox 524 2541 637 2614; x_wconf 75' lang='lat' dir='ltr'><strong>cupra</strong></span> <span class='ocrx_word' id='word_1_134' title='bbox 657 2540 829 2590; x_wconf 86' lang='lat' dir='ltr'><strong>racemos</strong></span> <span class='ocrx_word' id='word_1_135' title='bbox 849 2516 1003 2591; x_wconf 84' lang='lat' dir='ltr'><strong>altiores</strong></span> <span class='ocrx_word' id='word_1_136' title='bbox 1033 2517 1071 2590; x_wconf 93' lang='lat' dir='ltr'><strong>in</strong></span> <span class='ocrx_word' id='word_1_137' title='bbox 1095 2514 1243 2590; x_wconf 89' lang='lat' dir='ltr'><strong>anthesi</strong></span> <span class='ocrx_word' id='word_1_138' title='bbox 1269 2519 1458 2606; x_wconf 83' lang='lat' dir='ltr'><strong>excussis,</strong></span> <span class='ocrx_word' id='word_1_139' title='bbox 1490 2532 1659 2594; x_wconf 81' lang='lat' dir='ltr'><strong>exortam</strong></span> <span class='ocrx_word' id='word_1_140' title='bbox 1694 2545 1776 2594; x_wconf 76' lang='lat' dir='ltr'><strong>esse</strong></span> 
     </span>
     <span class='ocr_line' id='line_1_18' title="bbox 290 2615 1778 2714; baseline 0.002 -22"><span class='ocrx_word' id='word_1_141' title='bbox 290 2619 477 2709; x_wconf 90' lang='lat' dir='ltr'><strong>credunt,</strong></span> <span class='ocrx_word' id='word_1_142' title='bbox 498 2641 571 2690; x_wconf 88' lang='lat' dir='ltr'><strong>neo</strong></span> <span class='ocrx_word' id='word_1_143' title='bbox 592 2616 674 2714; x_wconf 87' lang='lat' dir='ltr'><strong>ejus</strong></span> <span class='ocrx_word' id='word_1_144' title='bbox 694 2615 861 2690; x_wconf 89' lang='lat' dir='ltr'><strong>radicem</strong></span> <span class='ocrx_word' id='word_1_145' title='bbox 883 2615 939 2690; x_wconf 89' lang='lat' dir='ltr'><strong>ibi</strong></span> <span class='ocrx_word' id='word_1_146' title='bbox 960 2627 1046 2714; x_wconf 91' lang='lat' dir='ltr'><strong>post</strong></span> <span class='ocrx_word' id='word_1_147' title='bbox 1067 2615 1382 2714; x_wconf 83' lang='lat' dir='ltr'><strong>germinationem</strong></span> <span class='ocrx_word' id='word_1_148' title='bbox 1406 2629 1497 2691; x_wconf 89' lang='lat' dir='ltr'><strong>tnnc</strong></span> <span class='ocrx_word' id='word_1_149' title='bbox 1518 2643 1708 2710; x_wconf 88' lang='lat' dir='ltr'><strong>arescere,</strong></span> <span class='ocrx_word' id='word_1_150' title='bbox 1733 2631 1778 2696; x_wconf 90' lang='lat' dir='ltr'><strong>ut</strong></span> 
     </span>
     <span class='ocr_line' id='line_1_19' title="bbox 289 2714 1776 2812; baseline 0.001 -20"><span class='ocrx_word' id='word_1_151' title='bbox 289 2717 329 2792; x_wconf 91' lang='lat' dir='ltr'><strong>in</strong></span> <span class='ocrx_word' id='word_1_152' title='bbox 352 2728 455 2794; x_wconf 86' lang='lat' dir='ltr'><strong>terra</strong></span> <span class='ocrx_word' id='word_1_153' title='bbox 473 2719 593 2806; x_wconf 91' lang='lat' dir='ltr'><strong>solet,</strong></span> <span class='ocrx_word' id='word_1_154' title='bbox 621 2714 689 2788; x_wconf 88' lang='lat' dir='ltr'><strong>sed</strong></span> <span class='ocrx_word' id='word_1_155' title='bbox 710 2717 905 2812; x_wconf 85' lang='lat' dir='ltr'><strong>vigescere</strong></span> <span class='ocrx_word' id='word_1_156' title='bbox 937 2727 978 2790; x_wconf 88' lang='lat' dir='ltr'><strong>et</strong></span> <span class='ocrx_word' id='word_1_157' title='bbox 997 2715 1228 2790; x_wconf 86' lang='lat' dir='ltr'><strong>ramusculos</strong></span> <span class='ocrx_word' id='word_1_158' title='bbox 1248 2717 1345 2789; x_wconf 84' lang='lat' dir='ltr'><strong>serre</strong></span> <span class='ocrx_word' id='word_1_159' title='bbox 1366 2729 1577 2792; x_wconf 89' lang='lat' dir='ltr'><strong>autumant.</strong></span> <span class='ocrx_word' id='word_1_160' title='bbox 1611 2719 1776 2794; x_wconf 87' lang='lat' dir='ltr'><strong>luodora</strong></span> 
     </span>
     <span class='ocr_line' id='line_1_20' title="bbox 290 2814 1777 2915; baseline 0.002 -25"><span class='ocrx_word' id='word_1_161' title='bbox 290 2819 424 2915; x_wconf 88' lang='lat' dir='ltr'><strong>planta</strong></span> <span class='ocrx_word' id='word_1_162' title='bbox 445 2829 525 2907; x_wconf 89' lang='lat' dir='ltr'><strong>est,</strong></span> <span class='ocrx_word' id='word_1_163' title='bbox 546 2814 779 2906; x_wconf 85' lang='lat' dir='ltr'><strong>acrinscula,</strong></span> <span class='ocrx_word' id='word_1_164' title='bbox 805 2815 873 2890; x_wconf 85' lang='lat' dir='ltr'><strong>sed</strong></span> <span class='ocrx_word' id='word_1_165' title='bbox 893 2816 946 2890; x_wconf 93' lang='lat' dir='ltr'><strong>nil</strong></span> <span class='ocrx_word' id='word_1_166' title='bbox 968 2841 1117 2906; x_wconf 89' lang='lat' dir='ltr'><strong>amara,</strong></span> <span class='ocrx_word' id='word_1_167' title='bbox 1149 2837 1220 2888; x_wconf 89' lang='lat' dir='ltr'><strong>nec</strong></span> <span class='ocrx_word' id='word_1_168' title='bbox 1241 2814 1504 2914; x_wconf 85' lang='lat' dir='ltr'><strong>adstringens,</strong></span> <span class='ocrx_word' id='word_1_169' title='bbox 1536 2820 1695 2892; x_wconf 83' lang='lat' dir='ltr'><strong>sortasse</strong></span> <span class='ocrx_word' id='word_1_170' title='bbox 1717 2842 1777 2893; x_wconf 90' lang='lat' dir='ltr'><strong>ra-·</strong></span> 
     </span>
     <span class='ocr_line' id='line_1_21' title="bbox 291 2913 1775 3015; baseline 0.001 -25"><span class='ocrx_word' id='word_1_171' title='bbox 291 2917 391 2992; x_wconf 91' lang='lat' dir='ltr'><strong>cemi</strong></span> <span class='ocrx_word' id='word_1_172' title='bbox 413 2942 549 3007; x_wconf 88' lang='lat' dir='ltr'><strong>causa,</strong></span> <span class='ocrx_word' id='word_1_173' title='bbox 569 2915 630 2988; x_wconf 91' lang='lat' dir='ltr'><strong>cui</strong></span> <span class='ocrx_word' id='word_1_174' title='bbox 653 2914 846 3005; x_wconf 84' lang='lat' dir='ltr'><strong>adhaeret3</strong></span> <span class='ocrx_word' id='word_1_175' title='bbox 877 2940 932 2989; x_wconf 86' lang='lat' dir='ltr'><strong>vrs</strong></span> <span class='ocrx_word' id='word_1_176' title='bbox 953 2919 1083 3012; x_wconf 84' lang='lat' dir='ltr'><strong>itaque</strong></span> <span class='ocrx_word' id='word_1_177' title='bbox 1104 2914 1219 3012; x_wconf 87' lang='lat' dir='ltr'><strong>ipsius</strong></span> <span class='ocrx_word' id='word_1_178' title='bbox 1239 2913 1423 3006; x_wconf 89' lang='lat' dir='ltr'><strong>debilior,</strong></span> <span class='ocrx_word' id='word_1_179' title='bbox 1453 2942 1568 3015; x_wconf 89' lang='lat' dir='ltr'><strong>quam</strong></span> <span class='ocrx_word' id='word_1_180' title='bbox 1592 2917 1656 2990; x_wconf 89' lang='lat' dir='ltr'><strong>illa</strong></span> <span class='ocrx_word' id='word_1_181' title='bbox 1680 2917 1775 2992; x_wconf 90' lang='lat' dir='ltr'><strong>Cns-</strong></span> 
     </span>
     <span class='ocr_line' id='line_1_22' title="bbox 293 3011 1776 3118; baseline 0.003 -28"><span class='ocrx_word' id='word_1_182' title='bbox 293 3028 394 3092; x_wconf 86' lang='lat' dir='ltr'><strong>cutae</strong></span> <span class='ocrx_word' id='word_1_183' title='bbox 414 3015 600 3118; x_wconf 65' lang='lat' dir='ltr'><strong>vulgaras,</strong></span> <span class='ocrx_word' id='word_1_184' title='bbox 630 3040 716 3112; x_wconf 84' lang='lat' dir='ltr'><strong>quae</strong></span> <span class='ocrx_word' id='word_1_185' title='bbox 743 3013 816 3088; x_wconf 83' lang='lat' dir='ltr'><strong>etsi</strong></span> <span class='ocrx_word' id='word_1_186' title='bbox 845 3015 948 3111; x_wconf 86' lang='lat' dir='ltr'><strong>apud</strong></span> <span class='ocrx_word' id='word_1_187' title='bbox 968 3029 1117 3092; x_wconf 87' lang='lat' dir='ltr'><strong>veteres</strong></span> <span class='ocrx_word' id='word_1_188' title='bbox 1147 3011 1256 3090; x_wconf 89' lang='lat' dir='ltr'><strong>nimis</strong></span> <span class='ocrx_word' id='word_1_189' title='bbox 1286 3014 1450 3114; x_wconf 81' lang='lat' dir='ltr'><strong>usitata,</strong></span> <span class='ocrx_word' id='word_1_190' title='bbox 1480 3027 1610 3094; x_wconf 88' lang='lat' dir='ltr'><strong>nostro</strong></span> <span class='ocrx_word' id='word_1_191' title='bbox 1644 3029 1776 3094; x_wconf 86' lang='lat' dir='ltr'><strong>tamen</strong></span> 
     </span>
     <span class='ocr_line' id='line_1_23' title="bbox 294 3115 925 3218; baseline 0.002 -29"><span class='ocrx_word' id='word_1_192' title='bbox 294 3127 469 3218; x_wconf 90' lang='lat' dir='ltr'><strong>tempore</strong></span> <span class='ocrx_word' id='word_1_193' title='bbox 490 3115 645 3191; x_wconf 87' lang='lat' dir='ltr'><strong>exoleta</strong></span> <span class='ocrx_word' id='word_1_194' title='bbox 666 3125 708 3190; x_wconf 86' lang='lat' dir='ltr'><strong>et</strong></span> <span class='ocrx_word' id='word_1_195' title='bbox 727 3115 925 3213; x_wconf 63' lang='lat' dir='ltr'><strong>superflua⁴</strong></span> 
     </span>
    </p>
   </div>
   <div class='ocr_carea' id='block_1_6' title="bbox 0 0 2968 7188">
    <p class='ocr_par' dir='ltr' id='par_1_6' title="bbox 0 0 2968 7188">
     <span class='ocr_line' id='line_1_24' title="bbox 0 0 2968 7188; baseline 0 0"><span class='ocrx_word' id='word_1_196' title='bbox 0 0 2968 7188; x_wconf 95' lang='lat' dir='ltr'><strong> </strong></span> 
     </span>
    </p>
   </div>
  </div>
 </body>
</html>
