5860 7198
953 563 1233 631 nusmaunn.
1339 565 1344 570 ·
1727 537 1822 632 187

372 750 491 826 riores
513 737 725 852 longiores,
747 748 848 826 intus
868 773 1069 844 concavae,
1090 755 1207 826 nervo
1230 746 1367 824 dorsali
1386 745 1574 842 virentes,
1598 747 1707 844 epioe
1730 747 1858 824 dilata·

373 863 446 946 tae,
470 853 639 945 obtusae,
662 853 802 945 luteae,
823 851 971 925 radium
994 851 1149 926 brevem
1173 849 1433 924 corollularem
1455 848 1695 924 mentientes.

320 1051 582 1128 Cononnuum
606 1062 682 1128 tem
705 1048 801 1126 radii
831 1050 944 1148 quarn
978 1048 1075 1124 disci
1105 1072 1235 1124 omnes
1257 1047 1595 1147 hermaphroditae,
1628 1049 1856 1142 uniformes,

374 1151 589 1242 tubulosae,
612 1150 975 1249 quinquedentatae‚
995 1149 1134 1241 luteae,
1166 1149 1287 1246 calyci
1309 1151 1548 1248 subaequates
1570 1159 1637 1224 aut
1657 1149 1756 1224 iltius
1777 1151 1858 1224 lon·

375 1250 557 1351 gitudine.
590 1250 761 1326 Stamina
787 1249 978 1348 quinque:
1012 1248 1181 1324 antherae
1212 1249 1349 1340 luteae,
1381 1250 1420 1323 in
1441 1249 1649 1348 cylindrum
1683 1249 1856 1341 coalitae,

374 1351 556 1428 coroiluli
577 1350 778 1426 breviores,
812 1348 947 1424 I'istilii
970 1373 1126 1448 germen
1157 1373 1333 1446 parvum,
1366 1350 1718 1448 oblongiusoulum,
1750 1351 1858 1424 stria·

373 1461 476 1544 tum,
500 1450 761 1528 membranula
782 1449 935 1526 minimi
951 1465 1201 1525 ¹coronatum:
1233 1449 1352 1548 stylus
1374 1448 1615 1524 antherarum
1629 1444 1632 1452 ’
1648 1448 1858 1548 longitudi-

374 1575 445 1666 ne:
478 1553 658 1652 stigmata
685 1551 762 1628 duo
783 1542 1025 1644 tenuissima,
1059 1560 1213 1645 exerta,
1247 1550 1401 1624 demum
1434 1549 1612 1624 corollula
1642 1551 1755 1648 paulo
1778 1553 1857 1625 ton-

376 1677 492 1753 grora.

325 1850 479 1937 Summa
508 1849 689 1948 plurima,
717 1849 904 1952 oblonga,
930 1851 978 1926 ad
1000 1850 1146 1950 apicem
1170 1851 1285 1948 paulo
1308 1849 1465 1944 latiora,
1489 1850 1695 1948 praesertim
1719 1848 1782 1922 illa
1802 1873 1861 1922 ra·

376 1952 450 2040 dii3
482 1950 609 2026 omnia
630 1951 786 2050 glabra,
811 1951 965 2042 striata,
991 1951 1159 2126 murppne
1184 1951 1400 2026 brevissimo
1424 1953 1715 2024 membranaceo
1739 1947 1862 2024 denti·

375 2053 506 2126 colato
529 2063 721 2128 coronata.
747 2050 899 2148 Pappus
921 2051 1052 2126 nultus.
1114 2051 1383 2150 eceptacnlum
1406 2049 1860 2140 convexo-subconicum‚

375 2153 544 2244 nudum,
569 2160 1013 2249 excavato-punctatum.

327 2353 514 2431 Haemus
539 2351 577 2426 in
600 2350 682 2426 solo
702 2376 784 2426 raro
816 2362 856 2425 et
878 2349 977 2425 inter
1007 2359 1161 2450 segetes
1192 2374 1240 2424 ex
1262 2347 1445 2448 Alaolrupu
1478 2369 1600 2446 usque
1633 2349 1682 2422 ad
1703 2345 1864 2444 Olisipo·

376 2478 485 2539 nem,
520 2463 561 2528 et
583 2450 676 2526 aiibi
707 2449 746 2523 in
772 2450 1057 2524 Extremadura.
1092 2449 1225 2526 Floret
1255 2461 1412 2543 aestate,
1446 2459 1487 2524 et
1507 2473 1793 2548 nonnumquam
1826 2446 1865 2521 in

378 2562 586 2648 autumno,
609 2550 706 2628 soliis
721 2551 801 2649 jam
825 2551 1036 2626 exsiccatis.
1064 2554 1219 2626 Annua.

330 2753 499 2830 Puram
528 2751 753 2852 graveolens
774 2759 815 2824 et
837 2774 974 2824 amara.
997 2747 1207 2847 Eliochrysi
1231 2748 1467 2824 Dioscoridis
1490 2747 1726 2848 aliorumque
1747 2745 1867 2820 Vete-

378 2877 459 2928 rum
483 2851 652 2928 medicas
675 2850 773 2926 vires
803 2848 840 2922 ei
861 2849 1035 2924 nonnulli
1060 2849 1310 2924 Recentiores
1337 2849 1647 2938 adscribuerunt‚
1680 2871 1782 2921 nuno
1808 2857 1865 2920 ta·

380 2978 465 3028 meu
489 2951 640 3052 penitus
660 2951 835 3045 exoleta,
856 2973 928 3022 nec
949 2949 987 3022 in
1009 2951 1139 3050 pagis,
1164 2963 1207 3025 ut
1228 2950 1341 3046 olim,
1363 2950 1641 3047 proAnacyclo
1662 2946 1865 3023 aureoLu·

380 3051 516 3130 sitanis
540 3051 690 3129 usitata,

333 3255 425 3331 Oas.
448 3249 510 3325 Ob
523 3248 662 3348 oelyois
683 3248 814 3326 foliola
833 3247 967 3324 intima
988 3249 1170 3344 colorata,
1194 3248 1289 3325 radii
1311 3247 1503 3324 faemineas
1524 3245 1719 3324 corollulas
1739 3245 1868 3345 ligula·

384 3363 442 3428 tas
462 3349 694 3451 effingentia,
713 3349 923 3427 Tenacetis
943 3348 1108 3424 immista
1129 3375 1213 3424 esse
1231 3349 1340 3440 solet,
1363 3350 1428 3424 sed
1441 3351 1542 3441 salso,
1565 3371 1730 3448 namque
1753 3347 1868 3421 abeis

382 3477 423 3531 re
444 3475 533 3526 uera
554 3450 679 3526 differt
701 3449 866 3526 flosculis
888 3450 1063 3526 omnibus
1085 3448 1410 3550 hermaphroditis.
1426 3451 1497 3524 ‘Ab
1520 3447 1761 3538 Athanasiis,
1785 3443 1869 3546 qui·

384 3553 457 3628 bus
478 3550 617 3642 affinis,
649 3551 765 3626 etiam
788 3550 935 3624 diversa
956 3549 1201 3649 receptaculo
1231 3552 1357 3639 nudo,
1390 3571 1461 3624 nec
1484 3549 1673 3646 paleaceo.
1697 3547 1761 3621 Ad
1781 3570 1865 3622 eam

385 3652 627 3730 Tenacetum
645 3651 804 3750 pilosum
826 3649 965 3749 (Berg.
988 3647 1102 3724 Plant
1126 3649 1244 3748 Cap,
1266 3649 1526 3725 etLaMarok
1550 3647 1708 3747 Eucyoi.
1723 3647 1868 3740 Meth.)

384 3750 563 3847 specifice
584 3749 693 3828 nimis
714 3750 887 3844 accedit,
908 3760 949 3825 et
969 3749 1030 3823 vix
1052 3747 1264 3842 diversum
1297 3772 1505 3849 synonyma
1526 3749 1682 3842 saltem,
1702 3745 1867 3845 Capensi

386 3850 528 3930 ibidem
549 3851 764 3952 applicata,
793 3851 839 3927 ad
863 3851 960 3928 hano
981 3861 1149 3928 nostram
1171 3849 1422 3928 amandanda.
