4916 7110
701 585 731 674 4
1243 591 1616 664 an'roonsrnrn

711 789 872 867 tioribus
893 793 934 862 et
955 781 1186 886 grandaevis,
1214 808 1374 882 quorum
1397 774 1596 858 interiores
1617 787 1709 855 tunc
1730 778 1873 874 erecti,
1901 781 2109 858 exteriores
2129 797 2193 858 ve'-

708 889 852 992 rbbasi
885 887 1018 963 leviter
1049 897 1252 960 retrorsum
1285 881 1455 976 arcuati,
1485 879 1625 956 deinde
1653 879 1795 970 crecti;
1833 906 1965 958 omnes
1984 881 2094 958 Maio
2125 893 2194 961 aut

709 991 825 1067 Junio
846 989 1071 1064 siccescunt.

661 1190 787 1267 Foris
814 1186 995 1265 radicalia
1014 1186 1140 1261 omnia
1162 1187 1368 1284 petiolata3
1396 1213 1484 1286 quae
1516 1209 1565 1260 ex
1586 1183 1798 1288 germinata
1828 1186 2001 1262 seminali
2023 1185 2193 1284 plantuli

706 1289 956 1390 proveniunt,
984 1285 1110 1360 omnia
1130 1286 1503 1378 lanceolam-ovata,
1523 1310 1592 1359 seu
1614 1285 1921 1387 evoli-oblonga,
1948 1288 2108 1376 obtusa,
2135 1284 2192 1358 in·

710 1404 844 1490 tegra,
871 1397 1049 1478 arenata,
1076 1409 1188 1482 supra
1213 1385 1490 1498 glabriuscula,
1522 1386 1658 1459 subtus
1690 1387 2001 1478 subtementosa,
2037 1395 2079 1460 et
2108 1385 2190 1459 fere

707 1517 756 1566 ex
778 1487 881 1567 omni
901 1499 1009 1584 parte
1039 1484 1110 1560 illis
1131 1481 1266 1560 salvrae
1287 1481 1483 1587 officinalis
1503 1481 1740 1582 parisormia:
1780 1511 1868 1584 quae
1889 1485 2082 1577 secundo,
2114 1495 2193 1560 ter·

686 1571 841 1688 'tioque
864 1613 964 1662 anno
995 1597 1037 1660 et
1057 1585 1137 1660 aliis
1157 1595 1409 1673 enascuntur,
1441 1584 1621 1660 radicalia
1646 1583 1847 1682 primaria,
1878 1611 1980 1686 saepe
2001 1584 2193 1685 praedictis

706 1691 849 1782 sormi,
881 1688 953 1762 etsi
979 1685 1143 1777 maiora,
1175 1684 1331 1776 similia,
1361 1683 1584 1760 secundaria
1613 1707 1704 1758 vero
1728 1685 1917 1786 oblonga,
1951 1684 2193 1786 inaequaliter

708 1791 880 1880 sinuata,
919 1787 1112 1861 interdum
1144 1785 1226 1882 plus
1257 1783 1428 1858 minusve
1459 1782 1703 1883 pinnatifida,
1741 1784 1886 1860 laciniis
1916 1785 2188 1885 inaequalibus,
2321 1859 2327 1867 ,

706 1889 1023 1987 inaequaliterque
1045 1883 1209 1960 crenatis
1228 1884 1288 1957 vel
1311 1883 1498 1977 dentatis,
1525 1885 1661 1959 obtusa
1688 1895 1756 1960 aut
1775 1885 1942 1960 breviter
1963 1896 2101 1979 acuta,
2127 1912 2190 1960 ru-

706 2015 821 2089 gosa,
848 2011 1013 2078 venosa,
1040 1983 1219 2082 utrinque
1267 1983 1516 2074 labriuscula,
1537 1985 1675 2059 ssubtu
1695 1994 1825 2060 tarnen
1848 1985 1954 2072 venis
1973 1984 2189 2083 subpilosa,

703 2089 855 2163 unciam
881 2088 930 2161 ad
948 2009 1343 2183 sesquiunciamiata,
1367 2093 1443 2158 tres
1465 2083 1693 2183 adquatuor
1713 2087 1847 2186 longa:
1873 2110 2004 2160 eorum
2026 2084 2190 2183 petiolus

654 2239 661 2248 ·
705 2213 819 2286 supra
841 2187 1138 2276 canaliculatus,
1159 2186 1295 2259 subtus
1313 2183 1645 2278 convexiuscutus,
1665 2183 1842 2278 striatus,
1863 2185 2086 2284 subpilosus,
2110 2207 2189 2259 ses-

707 2287 924 2386 quiunciam
958 2285 1007 2362 ad
1027 2289 1119 2360 duas
1147 2283 1278 2359 uncias
1298 2285 1443 2384 longus.
1477 2283 1584 2358 Folia
1605 2284 1758 2359 caulina
1783 2285 1859 2360 duo
1880 2288 1939 2359 vel
1963 2285 2037 2361 tria
2058 2285 2185 2382 paria,

707 2389 903 2502 opposita,
931 2384 1107 2461 inferiora
1139 2409 1241 2459 nunc
1267 2383 1433 2459 breviter
1457 2383 1664 2481 petiolata,
1695 2383 1925 2460 radicalibus
1950 2384 2085 2460 similia
2115 2385 2188 2459 etsi

707 2512 873 2574 minora,
895 2511 994 2561 nunc
1016 2483 1157 2559 sessilia
1177 2493 1309 2575 ovata,
1331 2496 1399 2558 aut
1419 2484 1671 2571 subcordata,
1693 2496 1827 2576 acuta,
1848 2496 2014 2576 serrata,
2039 2509 2108 2558 seu
2129 2483 2185 2587 in-

705 2587 987 2680 cieo—dentata,
1016 2583 1210 2683 superiora
1240 2584 1316 2659 alia
1338 2584 1518 2678 cordata,
1545 2583 1784 2678 acuminata,
1819 2585 2050 2678 subvillosa,
2080 2584 2186 2660 sessi-

704 2687 764 2762 lia.

656 2887 773 2964 Srrcr
802 2887 1052 2980 verticillosa3
1079 2887 1270 2964 verticillis
1301 2897 1464 2988 quatuor
1494 2887 1544 2964 ad
1564 2912 1653 2984 sex,
1680 2914 1765 2966 raro
1786 2887 1907 2983 ultrei,
1933 2911 2034 2986 saepe
2060 2911 2184 2962 remo·

704 2989 893 3082 tiusculis,
921 2988 1110 3077 sexlloris3
1143 2988 1328 3064 verticillo
1350 3011 1525 3086 supremo
1545 2987 1710 3088 exiguo,
1734 2989 1929 3081 abortivo,
1955 2989 2034 3063 cito
2055 2985 2185 3061 everri-1

703 3088 754 3162 do
778 3091 854 3178 ita,
883 3099 925 3164 ut
945 3090 1049 3186 spica
1072 3089 1150 3164 cito
1174 3089 1252 3163 late
1268 3098 1453 3163 ,truncata
1480 3089 1629 3164 evadat.
1661 3089 1791 3164 Floras
1810 3089 2049 3186 pedicellati,
2077 3086 2183 3185 pedi-

679 3235 681 3240 ·
701 3186 807 3261 cellis
827 3189 921 3262 duas
936 3192 939 3200 ’
952 3189 1000 3262 ad
1021 3191 1100 3262 sere
1121 3199 1198 3264 tres
1217 3187 1337 3262 lineas
1356 3187 1500 3287 longis,
1529 3186 1799 3280 erectiusculis.
1826 3187 1999 3264 Bracteae
2018 3189 2088 3261 sub
2108 3185 2184 3260 sin·

703 3287 793 3386 gulo
823 3286 1008 3374 verticillo
1039 3289 1150 3381 duae,
1176 3286 1381 3386 oppositae,
1416 3286 1610 3362 inferiores
1640 3299 1786 3381 ovatae,
1823 3297 1892 3362 aut
1916 3287 2183 3378 subcordatae,

703 3385 844 3484 calycis
873 3387 1133 3486 longitudine,
1168 3411 1235 3462 seu
1266 3388 1378 3484 paulo
1407 3386 1488 3487 ipso
1515 3386 1724 3500 longiores3
1760 3387 1971 3486 superiores
1990 3387 2182 3477 cordatae,

702 3486 932 3562 acuminatae
944 3545 955 3580 ,
981 3485 1257 3587 integerrimae,
1277 3485 1698 3580 subvillosn,cilratae,
1720 3489 1851 3586 calyce
1871 3486 2086 3578 breviores,
2112 3511 2183 3559 sae-

700 3609 751 3684 pe
772 3585 933 3660 reflexae.
959 3587 1228 3662 Involuoellum
1251 3586 1535 3684 quadrisemo,
1554 3585 1649 3661 setar
1671 3586 1850 3687 utrinque
1872 3587 1958 3662 dure
1978 3585 2079 3661 inter
2098 3585 2183 3659 bra·

702 3696 828 3776 cteas,
853 3687 1013 3784 illasque
1043 3687 1308 3775 decussantes,
1339 3684 1595 3779 sublineares,
1632 3687 1785 3779 molles,
1820 3684 1983 3778 villosae,
2016 3693 2181 3776 erectae,

700 3784 898 3882 pedicellis
916 3786 1047 3862 florum
1070 3785 1182 3885 paulo
1205 3781 1415 3879 breviores,
1438 3787 1517 3862 cito
1537 3785 1862 3880 emarcescentes,
1888 3787 2056 3862 caduce.

653 3984 800 4062 Ceavx
825 3988 1135 4084 campanulatus,
1166 3985 1293 4081 hians,
1329 3997 1406 4062 tres
1430 3996 1642 4086 quatuorve
1671 3985 1789 4064 lineas
1817 3987 1976 4091 longus,
2007 3985 2179 4062 fructifer

657 4123 664 4136 ι
700 4087 959 4177 subcernuus,
988 4087 1113 4162 viridis
1143 4098 1209 4162 aut
1239 4087 1431 4162 interdurn
1462 4085 1829 4186 subpurpur'ascens,
1856 4099 1988 4177 extus,
2016 4098 2057 4161 et
2080 4087 2181 4161 intra

699 4209 818 4283 usque
839 4186 888 4260 ad
909 4187 1095 4277 medium,
1120 4185 1294 4281 villosus,
1322 4185 1416 4260 villis
1435 4187 1888 4287 vesiculam-glutinosis,
1904 4187 2079 4276 striatas,
2101 4211 2180 4262 cos·

700 4297 825 4376 tatus,
851 4286 967 4360 costis
986 4285 1273 4378 scabriusoulis,
1300 4286 1527 4380 bilabiatus;
1553 4287 1656 4362 labio
1676 4287 1858 4385 superiori
1878 4287 2014 4362 sensim
2037 4285 2086 4360 ad
2108 4286 2180 4382 api·

700 4408 783 4458 cem
805 4384 952 4478 latiori,
975 4386 1137 4483 plicato,
1163 4387 1273 4485 supra
1294 4386 1535 4479 bilacunoso,
1561 4387 1661 4462 inter
1681 4389 1835 4464 lacunas
1856 4387 2050 4478 cannete,
2083 4385 2179 4460 late-

698 4483 805 4558 ribus
827 4487 1013 4575 refracto,
1050 4487 1158 4583 apice
1178 4511 1359 4579 recurvo,
1392 4488 1553 4578 obtuso,
1589 4485 1725 4562 leviter
1755 4487 2013 4584 emarginato,
2043 4484 2178 4582 ibique

699 4583 901 4659 denticulis
931 4585 1053 4660 tribus
1074 4586 1216 4677 acutis,
1238 4585 1451 4684 contiguis,
1479 4585 1727 4679 brevissimis,
1760 4588 1822 4662 vix
1854 4583 2091 4683 conspicuis,
2124 4584 2181 4658 in·

700 4693 878 4775 structo;
916 4683 1017 4758 labio
1048 4684 1224 4760 inferiore
1262 4685 1503 4786 longitudide
1545 4686 1730 4784 superiori
1760 4681 1927 4786 aquali,
1958 4685 2175 4776 bidentes,

699 4783 880 4860 dentibus
899 4783 1084 4879 incurvis,
1106 4785 1353 4882 lanceolatis,
1375 4786 1624 4880 acuminatis,
1647 4787 1992 4886 subpungentibus.

648 4979 839 5060 Cossano
866 4984 1073 5074 bilabiata3
1092 4985 1275 5084 superiori
1294 4985 1396 5062 labio
1418 4987 1467 5061 ab
1488 4986 1653 5062 inferiori
1674 4995 1842 5078 remoto,
1863 4986 2050 5078 caeruleo,
2072 5007 2175 5058 com·

695 5105 845 5178 presse,
875 5083 1110 5178 subfalcato‚¹
1142 5088 1302 5178 obtuso,
1333 5086 1468 5162 leviter
1488 5087 1746 5186 emarginaro,
1780 5097 1893 5162 extus
1923 5083 2176 5184 pubescenti,

696 5183 865 5279 calycenr
892 5186 942 5260 ad
964 5198 1041 5260 tres
1059 5186 1177 5260 lineas
1198 5197 1421 5284 superante3
1453 5187 1556 5260 labio
1577 5185 1742 5260 inferiori
1763 5187 1875 5282 paulo
1896 5185 2078 5274 breviori,
2109 5207 2176 5256 ex-

659 5339 664 5346 .
696 5291 760 5355 tus
782 5282 924 5376 villose,
947 5285 1108 5375 trilobo,
1131 5286 1276 5359 laciniis
1297 5286 1443 5360 duabus
1462 5285 1681 5362 lateralibus
1702 5284 2059 5376 cacrulescentibus‚
2089 5285 2175 5356 bre-

678 5362 830 5473 kvibus,
853 5384 1021 5474 obtusis,
1043 5385 1219 5480 deflexis,
1242 5385 1469 5460 lobornedio
1490 5385 1655 5477 maiori,
1672 5385 1781 5478 albo,
1801 5384 2064 5475 subrotundo,
2085 5407 2176 5456 con-

589 5512 593 5520 ·
681 5500 808 5575 leave,
841 5483 1182 5584 vinemarginato,
1213 5499 1280 5560 aut
1300 5487 1363 5559 vix
1384 5487 1604 5561 crenulato„
1629 5485 1735 5560 Faux
1756 5485 1926 5574 tumida3
1957 5485 2073 5558 tubus
2093 5483 2174 5580 gla-

656 5641 661 5648 .
695 5581 785 5673 ber,
806 5581 939 5681 calyce
960 5585 1176 5686 angrrstior,
1198 5586 1317 5662 albus.
1348 5585 1500 5661 Corolla
1521 5595 1605 5662 tota
1626 5587 1714 5664 alba
1733 5585 1772 5662 in
1794 5585 1866 5662 heo
1886 5581 2015 5684 specie
2035 5581 2177 5658 rarissi-

693 5703 757 5754 ma
777 5694 844 5762 est.
873 5745 876 5754 .
