6040 7190
1195 577 1473 650 uusrnamn.
1965 562 2065 653 219

616 790 675 840 me
700 763 817 865 aliqui
838 763 978 855 billori,
1010 763 1178 856 aristati;
1213 766 1326 844 arista
1351 767 1489 842 lineam
1510 767 1588 844 sere
1609 767 1710 856 lata,
1735 767 1889 858 villosa,
1911 771 2100 866 pediuello

616 865 664 1038 qd
688 879 852 982 quatuor
882 865 999 942 lineas
1029 867 1125 942 inlra
1148 867 1317 968 calycem
1340 867 1505 963 inserta,
1535 867 1790 968 calycinisque
1820 868 1966 943 laciniis
1987 873 2099 946 valde

644 991 778 1041 revror.

567 1167 715 1242 Canrx
744 1163 928 1263 profunde
959 1165 1131 1266 quinque
1162 1169 1350 1266 partituS,
1382 1167 1528 1242 laciniis
1548 1167 1708 1267 patulis,
1740 1165 2100 1262 lineari-subulatis,

612 1267 932 1365 subaequalibus,
963 1267 1248 1366 integerrimis,
1285 1267 1451 1364 villosis,
1484 1271 1624 1344 corolla
1656 1267 1811 1344 dimidio
1843 1268 2098 1364 brevioribus,

513 1373 515 1381 '
607 1366 915 1465 persistentibus.

560 1565 757 1641 Conouun
777 1555 912 1658 lutea,
945 1540 1101 1670 glabra,
1135 1567 1399 1666 magnitudine
1431 1578 1473 1643 ut
1494 1568 1557 1643 illa
1588 1567 1661 1642 On.
1694 1567 1869 1642 Nutricis.
1906 1567 2098 1644 Vexillum

609 1667 1107 1757 obovatosubrotundum,
1141 1669 1263 1743 rubris
1295 1668 1441 1744 venulis
1471 1668 1796 1770 longitudinaliter
1827 1667 1999 1766 pictum,
2031 1670 2099 1742 ali*

609 1768 839 1865 quantulum
874 1770 1066 1844 reflexum.
1101 1765 1186 1844 ullae
1218 1769 1424 1867 oblongae,
1458 1772 1716 1860 subtineares,
1748 1772 1927 1860 obtusae,
1960 1769 2099 1843 vexillo

609 1889 742 1964 parum
778 1868 982 1944 breviores.
1025 1867 1166 1944 Carina
1197 1868 1361 1944 stamina
1394 1869 1658 1968 pistillumque
1689 1869 1905 1963 involvens,
1936 1868 2099 1962 sulcata,

610 1966 851 2062 acuminata,
875 1969 1015 2043 alarum
1041 1969 1306 2068 longitudine,
1331 1971 1411 2044 basi
1436 1970 1572 2064 bifida,
1595 1970 1806 2046 bidentatu.
1906 2071 1908 2076 Ι
2030 2042 2034 2052 ,

559 2164 776 2240 Sruurnuur
805 2167 999 2256 filamenta
1024 2165 1181 2260 decem,
1209 2168 1290 2242 basi
1311 2169 1585 2267 monadelpha,
1607 2167 1740 2266 ibique
1765 2167 1803 2242 in
1825 2169 2100 2282 tubumcylin·

609 2264 757 2439 {luctum
781 2267 1025 2440 qxalbidum,
1050 2267 1214 2362 coalita,
1241 2280 1280 2342 et
1300 2269 1479 2366 pistillum
1502 2267 1730 2367 vaginantia.
1758 2267 1942 2342 Antherae
1964 2292 2102 2344 mcum·

639 2391 686 2438 en
708 2389 769 2456 es,
809 2379 918 2443 uteae.

561 2563 742 2640 Prsrruur
763 2590 917 2664 germen
940 2565 1070 2641 lineari
1089 2566 1354 2658 lanceolarum,
1377 2566 1646 2658 acuminatum,
1671 2564 2015 2658 villoso-viscosum,
2040 2566 2101 2640 vil·

610 2663 655 2738 lis
677 2665 845 2762 hyalinis.
868 2661 997 2764 Stylus
1020 2663 1172 2766 glaber,
1195 2691 1418 2767 assurgens,
1440 2667 1664 2742 staminibus
1687 2667 1748 2740 vix
1768 2666 1936 2764 longior,
1964 2667 2098 2764 persis-

613 2775 708 2838 tens.
734 2764 884 2865 Stigma
902 2765 1086 2865 simplex,
1111 2767 1408 2864 subpubesoens.

561 2963 767 3040 Luounrnnr
802 2974 923 3057 teres,
955 2965 1174 3064 turgidum,
1204 2965 1475 3055 subvillosum,
1506 2965 1639 3064 calyce
1671 2965 1749 3039 sere
1782 2963 1895 3061 triplo
1924 2962 2097 3064 longius,

612 3063 845 3160 pendulum,
875 3065 974 3164 stylo
997 3065 1252 3140 terminatum.
1277 3065 1430 3139 Semina
1450 3089 1551 3161 srepe
1574 3073 1740 3164 quatuor
1760 3064 1977 3164 quinqueve
2000 3063 2098 3138 reni-

426 3235 429 3242 .
545 3251 548 3266 Ι
610 3163 767 3257 lormia,
788 3165 1127 3259 subllavescontia3
1155 3165 1333 3240 nonnulla
1353 3187 1453 3264 saepe
1476 3167 1682 3240 abortiunt.

563 3363 753 3440 Hasrrrr
779 3363 816 3438 in
837 3361 998 3440 collibus
1019 3363 1171 3440 incultis
1192 3375 1232 3440 et
1253 3365 1333 3439 solo
1354 3385 1479 3440 macro
1499 3365 1695 3453 sabuloso,
1718 3363 1819 3438 clroa
1840 3362 2098 3464 Olisiponem,

614 3476 719 3539 trans
740 3465 917 3564 Tagum,
948 3477 989 3540 et
1011 3465 1100 3540 alibi
1131 3466 1168 3539 in
1198 3459 1500 3559 Extremadura,
1533 3465 1798 3564 Transtagana
1830 3471 1871 3537 et
1893 3462 2097 3562 Algarbiis.

612 3565 742 3640 Floret
766 3587 857 3639 vere
879 3577 919 3640 et
941 3576 1089 3641 aestate.
1112 3565 1266 3642 Frutex.

564 3760 682 3840 Onon
711 3765 830 3860 totius
851 3767 990 3862 plantae
1012 3763 1219 3856 resinosus,
1252 3763 1318 3838 sed
1342 3788 1415 3838 non
1436 3762 1629 3864 ingratus3
1656 3787 1766 3860 sapor
1786 3759 1974 3836 levissime
1997 3787 2100 3836 ama-

611 3889 698 3954 rus,
723 3865 900 3939 subacris.
928 3866 1027 3940 Usus
1049 3865 1221 3940 medicus
1241 3865 1406 3964 ignotus.
1437 3863 1560 3939 Nimis
1584 3862 1702 3938 affinis
1723 3865 1795 3936 On.
1810 3861 1948 3962 pingui
1971 3871 2012 3935 et
2033 3887 2103 3936 na·

611 3967 717 4058 erici,
750 3966 800 4039 ab
822 3963 877 4039 eis
897 3977 1024 4040 autem
1048 3965 1196 4039 diversa
1218 3963 1425 4062 prasertim
1457 3964 1554 4039 loliis
1575 3963 1807 4053 minoribus,
1840 3985 1914 4034 non
1938 3961 2102 4059 planius-

613 4066 733 4156 cutis,
763 4063 845 4160 plus
866 4064 1030 4155 viscidis,
1052 4087 1124 4138 non
1148 4063 1339 4164 oblongis,
1363 4089 1435 4138 nec
1457 4063 1566 4161 apice
1589 4065 1737 4137 tantum
1760 4062 1937 4152 dentatis,
1961 4060 2102 4134 aristis·

613 4189 693 4261 que
715 4167 1013 4261 pedunculorum
1035 4165 1126 4239 tiore
1147 4165 1408 4251 brevioribus,
1436 4176 1476 4238 et
1497 4163 1595 4237 loliis
1614 4161 1808 4236 floralibus
1829 4185 1902 4234 non
1926 4159 2102 4256 simplici·

614 4265 695 4338 bus.
719 4263 804 4338 Nec
827 4267 944 4340 etiam
966 4264 1234 4340 confundenda
1263 4289 1352 4338 oum
1375 4263 1447 4336 On.
1468 4264 1612 4364 crispo,
1645 4263 1667 4336 al
1690 4285 1764 4359 qua
1787 4261 1978 4356 discrepat
2003 4259 2101 4333 foliis
2156 4295 2175 4336 a

614 4388 686 4437 non
709 4365 922 4454 undulatis,
952 4365 1174 4462 pedunculis
1195 4385 1269 4438 non
1289 4363 1463 4456 mutiois,
1485 4361 1703 4460 calycisque
1725 4357 1870 4433 laciniis
1891 4360 2002 4456 apice
2024 4383 2099 4432 non

614 4462 831 4538 tridentatis
870 4465 1015 4539 Ononis
1037 4465 1284 4539 rumorirsr'mo
1305 4455 1507 4560 (Dossont.
1535 4464 1587 4536 lu.
1613 4461 1784 4555 Atlant.)
1805 4457 1876 4532 etsi
1898 4460 1932 4530 ei
1957 4457 2101 4536 similli-

614 4588 693 4652 ma,
725 4579 766 4639 et
788 4564 895 4660 quasi
917 4566 1101 4646 varietas,
1137 4567 1186 4637 ab
1207 4587 1254 4637 ea
1277 4573 1404 4637 tamen
1428 4561 1553 4635 differt
1576 4559 1670 4634 soliis
1692 4558 1882 4656 praecipue
1905 4559 2099 4656 angustio-

614 4663 739 4740 ribus.
761 4663 1019 4758 brevioribus,
1044 4661 1384 4757 lineari-oboram,
1412 4685 1487 4735 non
1508 4657 1740 4752 recurvatis,
1768 4683 1840 4733 nec
1862 4658 1960 4732 adeo
1987 4679 2100 4731 cana·

615 4763 790 4839 liculatis.
