5752 7128
1127 545 1408 616 nonnamm
1937 525 2003 621 79
2136 539 2178 568 ³

551 728 750 812 verticillis
770 731 1008 810 interioribus
1021 733 1165 808 obtine
1184 743 1363 825 coenata,
1390 729 1437 807 in'
1449 733 1634 832 supremis
1653 733 1910 836 integerrima.
1925 761 1928 768 ·
1943 739 2055 815 Bru·

550 843 803 912 olea-omnen¹
825 834 985 926 lanatao,
1017 834 1297 934 integerrimae,
1328 856 1417 933 queo
1439 831 1588 910 inferna
1605 836 1811 911 verticillos
1836 838 2035 933 ambiunt,

552 935 949 1024 lineari-lanceolata,
972 945 1115 1026 acutae,
1136 935 1259 1034 calyci
1279 933 1514 1034 longitudine
1533 937 1705 1033 aequales
1724 949 1791 1012 eut
1811 959 1945 1036 parum
1958 939 2039 1014 lon·

556 1037 701 1135 giores,
729 1036 814 1110 dnae
834 1043 964 1109 tamen
985 1035 1166 1134 utrinqne
1196 1035 1369 1110 soliorum
1403 1035 1635 1135 marginibus
1657 1039 1852 1141 contiguae
1884 1039 2038 1115 latiores

554 1147 595 1210 et
616 1133 793 1227 altiores,
826 1135 996 1233 calycem
1018 1133 1263 1234 longitudino
1282 1131 1394 1211 ratde
1413 1137 1670 1231 excedentes,
1701 1137 1786 1212 alios
1804 1157 1918 1238 snpra·
1940 1141 2038 1240 lpsau

552 1245 741 1340 setaceac,
768 1235 901 1332 calyce
928 1235 1042 1334 paulo
1064 1235 1266 1311 breviores.
1298 1329 1301 1338 Ι

464 1451 467 1458 ’
503 1427 651 1512 Caura
673 1433 1061 1533 subcampunulatuu,
1093 1457 1160 1510 sex
1190 1435 1239 1511 ad
1259 1431 1495 1513 continear
1523 1437 1681 1538 longus,
1713 1429 2035 1535 ducemnorveus,

555 1534 951 1636 quinqueangnlaris,
982 1529 1062 1610 loro
1093 1536 1327 1622 bilabiatns,
1361 1537 1735 1637 quinquedentatns‚
1766 1535 1950 1615 dentibus
1973 1539 2038 1614 ·in·

554 1636 787 1735 aequalibus,
813 1635 987 1717 deorsum
1018 1636 1155 1710 sensim
1188 1632 1519 1734 decreuoentibun,
1555 1652 1731 1736 supremo
1756 1641 1868 1737 paulo
1900 1640 2036 1714 latiore

554 1749 596 1811 et
617 1733 970 1836 longioreerecto,
1003 1737 1150 1812 duobus
1168 1735 1406 1812 intermediis
1435 1737 1500 1813 illo
1521 1757 1652 1835 purum
1682 1738 1964 1840 angustioribus
1995 1751 2036 1815 et

556 1837 793 1910 brevioribus
812 1833 973 1935 pelolio,
1003 1835 1142 1911 intimis
1160 1837 1315 1940 singulo
1338 1839 1566 1914 intermedio
1598 1832 1964 1937 paulo‘brevioribus
1995 1851 2037 1914 et

555 1932 841 2036 augustioribus
855 1935 996 2011 leviter
1018 1937 1194 2030 deflerim
1217 1937 1395 2012 omnibus
1415 1939 1540 2014 acutis
1562 1949 1601 2012 et
1615 1937 1737 2040 rigido
1759 1939 1936 2018 acumine
1954 1945 2039 2014 sub·

556 2049 753 2135 pungente
773 2037 1007 2111 aemilineanr
1029 2037 1076 2112 ud
1099 2035 1234 2113 lineam
1259 2040 1373 2138 longo
1393 2039 1623 2113 flavescente
1645 2038 1836 2137 praeditis,
1862 2052 1976 2115 extus
1995 2053 2037 2114 et

509 2175 511 2180 ,
554 2137 798 2336 &lugensque
820 2134 869 2211 ad
890 2139 1205 2238 lancem-calycis
1222 2141 1379 2234 lanatis,
1412 2141 1480 2236 qni
1501 2139 1640 2214 exinde
1661 2156 1779 2242 usque
1810 2128 1859 2214 ud
1880 2140 2037 2216 landum

597 2257 619 2310 a
649 2257 699 2312 er.
1435 2273 1438 2283 .
1673 2281 1678 2292 ·
1923 2260 1957 2289 ··

510 2438 703 2513 Cononna
729 2437 894 2526 labiata3
929 2435 1035 2513 tubus
1055 2439 1223 2529 albidus,
1250 2439 1426 2530 striatas,
1456 2439 1634 2514 dentibus
1654 2439 1798 2538 calycis
1819 2439 1933 2537 paulo
1955 2440 2038 2514 bre—

561 2538 661 2629 vior,
694 2536 741 2610 ad
763 2538 911 2612 faucem
935 2538 1048 2612 latior
1078 2551 1119 2613 ct
1139 2539 1275 2628 leviter
1298 2549 1493 2630 arcuatus,
1525 2551 1636 2613 extus
1657 2541 1812 2640 glaber,
1843 2541 1939 2613 inira
1961 2564 2040 2613 me·

560 2637 662 2712 dium
689 2636 865 2734 utrinque
894 2637 1032 2712 sossnld
1053 2649 1226 2731 notatus,
1257 2639 1357 2714 inlus
1378 2649 1512 2714 contra
1539 2649 1729 2737 utramque
1760 2639 1935 2714 fossulam
1969 2639 2040 2712 cir·

562 2739 648 2812 culo
670 2738 832 2812 barbato
853 2735 1025 2825 cinctus,
1059 2749 1099 2811 et
1121 2739 1169 2812 ad
1190 2738 1466 2812 filamentornm
1490 2738 1770 2814 decurrentium
1806 2741 1911 2812 basin
1932 2738 2040 2810 villo-

560 2863 642 2929 sus,
674 2847 853 2912 caeterum
876 2837 1171 2936 glabriuscnluS,
1203 2838 1449 2934 receptaculo
1479 2849 1587 2910 extra
1608 2838 1806 2914 scutellam
1840 2839 2040 2912 nectarile·

560 2963 638 3011 ram
662 2937 844 3011 insertus:
874 2937 972 3013 tanao
993 2936 1112 3012 dilnte
1134 2961 1346 3036 purpurea,
1376 2949 1486 3012 extus
1507 2936 1650 3035 pilosa,
1682 2937 1784 3012 intus
1805 2935 2041 3037 glabriuscu·

561 3039 618 3125 la;
646 3036 818 3134 superins
849 3048 1040 3126 erectum,
1071 3038 1277 3130 eubovale,
1304 3062 1542 3129 concavum,
1574 3037 1710 3112 leviter
1739 3036 2040 3137 emarginatum3

561 3135 718 3212 interius
740 3135 859 3210 maius
880 3161 1087 3234 parumque
1107 3135 1281 3236 longius,
1309 3137 1522 3226 deflexum,
1544 3136 1962 3236 oblongo-obovatum,
1985 3137 2042 3210 tri·

561 3235 712 3325 lobum,
738 3235 835 3310 lobis
856 3237 1004 3311 duobus
1024 3237 1243 3310 lateralibus
1273 3237 1395 3334 parvis
1416 3235 1665 3312 acntuisculis
1694 3234 1806 3310 simul
1833 3261 1920 3312 cnrn
1944 3261 2040 3310 mar-

562 3335 715 3449 ginibus
744 3335 950 3432 revolutis,
980 3335 1209 3412 intermedio
1241 3335 1430 3432 inaximo,
1467 3335 1728 3431 subrutundo,
1760 3337 2039 3432 subnndnlato,

562 3445 809 3535 emarginato.
886 3468 888 3474 ’
1800 3477 1804 3484 -

515 3636 640 3714 Suam.
668 3636 861 3712 filamenta
891 3645 1076 3734 quatuor,
1106 3635 1308 3728 subulala,
1333 3635 1443 3732 apice
1474 3636 1611 3711 leviter
1632 3660 1747 3712 curvo
1781 3634 1819 3710 in
1842 3633 1988 3711 anthesi
2020 3663 2043 3710 a

487 3771 493 3778 ·
563 3735 665 3810 labio
688 3735 840 3810 corollae
862 3737 1054 3834 superiore
1075 3734 1184 3810 simul
1207 3761 1292 3812 cum
1317 3735 1483 3811 antheris
1504 3747 1631 3827 tecta,
1658 3737 1801 3834 illoque
1825 3736 1935 3810 valde
1959 3740 2042 3810 bre·

563 3835 691 3926 viora,
718 3835 845 3909 omnia
866 3836 1017 3910 corollae
1037 3839 1132 3911 tubo
1155 3835 1317 3926 inserta,
1349 3846 1389 3910 et
1412 3861 1532 3934 usque
1564 3837 1612 3912 ad
1632 3836 1735 3910 illius
1756 3835 1939 3909 circulum
1961 3837 2045 3909 bar·

563 3935 697 4010 batum
721 3935 980 4027 decurrentia,
997 3936 1167 4034 ‚superne
1188 3935 1466 4034 glabrinscula,
1487 3936 1633 4010 inferne
1654 3935 1765 4009 valde
1787 3936 1942 4022 villosa,
1964 3935 2040 4009 duo

564 4036 780 4133 superiora,
811 4060 877 4109 sen
902 4035 1128 4110 intermedia
1140 4093 1150 4128 ‚
1180 4059 1331 4133 semper
1351 4036 1554 4134 parallelo,
1581 4047 1711 4110 erecta
1743 4044 1783 4109 et
1805 4059 1934 4132 parum
1957 4036 2044 4110 bre·

566 4135 692 4249 viora,
720 4136 794 4210 alia
816 4160 947 4234 parum
971 4139 1020 4211 ab
1040 4135 1112 4210 illis
1131 4134 1334 4231 distantia,
1367 4135 1521 4211 demnrn
1545 4136 1728 4210 deflorata
1753 4134 1801 4209 ad
1821 4135 1943 4212 latera
1965 4136 2045 4210 lau-

566 4261 621 4309 crs
642 4260 811 4310 recurva.

518 4431 623 4507 Prsr.
653 4459 806 4534 germen
829 4434 1168 4533 quadripartitum,
1192 4459 1259 4510 seu
1283 4431 1409 4533 potius
1428 4434 1585 4534 granula
1606 4444 1772 4534 quatuor
1795 4433 1952 4525 obtusa,
1975 4435 2047 4534 gla-

565 4533 656 4625 bra,
676 4535 872 4609 cruciatim
894 4534 1096 4634 contigua,
1117 4535 1373 4632 receptaculo,
1397 4546 1439 4609 ut
1458 4534 1495 4607 in
1511 4533 1592 4608 aliis
1612 4535 1912 4634 gymnospermis
1935 4533 2049 4608 labia·

569 4639 640 4726 tis,
673 4659 785 4732 snpra
816 4634 955 4732 calycis
983 4633 1140 4708 fundum
1170 4634 1207 4706 in
1228 4635 1400 4709 scutellae
1433 4634 1589 4708 formam
1614 4635 1867 4732 prominenti,
1899 4636 2047 4708 inserta.

567 4733 737 4808 Scntclla
758 4734 1006 4826 nectarrsera,
1031 4732 1208 4826 minima,
1231 4733 1383 4825 viridis,
1403 4757 1580 4827 succosa,
1603 4737 1756 4834 glabra,
1789 4735 1946 4833 granula
1966 4757 2051 4831 ger-

567 4833 678 4908 minis
698 4833 874 4934 cingens,
900 4833 988 4931 ipsis
1009 4833 1123 4930 paulo
1145 4833 1315 4925 brevior,
1337 4833 1550 4932 persistens.
1574 4833 1700 4930 Stylus
1721 4834 1893 4908 scutellae
1913 4833 2047 4923 londo,

568 4933 606 5007 in
629 4945 760 5008 centro
780 4933 880 5007 inter
900 4933 1015 5006 ovarii
1085 4931 1219 5026 annia,
1253 4933 1440 5025 insertus,
1472 4943 1512 5007 et
1534 4931 1587 5007 ibi
1610 4943 1776 5030 quatuor
1801 4932 1839 5004 in
1861 4929 2051 5005 funiculos

567 5035 783 5108 vasculares
812 5031 1013 5107 cruciatim
1039 4958 1206 5125 iiviuus,
1236 5031 1276 5106 in
1299 5029 1446 5106 anthesi
1475 5033 1552 5106 situ
1584 5043 1625 5104 et
1646 5031 1887 5131 longitudine
1918 5031 2049 5104 staini·

569 5160 682 5225 num,
706 5145 773 5208 ant
794 5133 906 5232 patrio
928 5130 1100 5225 brevior,
1123 5145 1258 5230 postea
1279 5131 1350 5205 illis
1373 5131 1650 5230 aliquantulum
1677 5149 1779 5230 saepe'
1798 5130 1953 5228 longior.
1975 5129 2051 5204 Sti·

570 5245 702 5334 gmata
722 5236 799 5310 duo
823 5231 976 5326 tenuia,
997 5231 1239 5327 brevissima,
1260 5240 1386 5306 acuta.

522 5429 810 5508 Pnarcunrrum
834 5431 991 5507 nullum.
1014 5431 1137 5530 Calyx
1158 5429 1194 5503 in
1217 5428 1335 5505 fundo
1355 5427 1501 5504 semina
1522 5439 1689 5528 quatuor
1709 5429 1840 5506 fovens
1853 5473 1874 5521 ,·
1889 5429 2051 5525 obtusa,

569 5533 820 5634 subtrigona,
847 5543 1047 5626 castanea,
1073 5530 1234 5610 scutella
1261 5531 1423 5608 exsucca
1444 5530 1624 5628 siccique
1645 5530 1791 5608 interne
1812 5530 1952 5604 cincta.
