4916 7110
903 522 1184 598 uunrunrn.
1737 493 1773 601 s

324 722 525 893 ire'cuntt'
557 721 598 789 et
618 711 775 788 taudem
807 725 828 785 4
861 712 1093 790 abstineas
1121 715 1268 815 longae,
1299 710 1438 790 lineam
1471 709 1520 790 ad
1540 715 1807 816 sesquiliueeu'r

339 831 413 894 atae
435 840 532 890 suu.
1809 827 1812 833 '

275 1017 438 1094 Seuruu
460 1014 643 1114 plurima,
663 1010 1184 1110 subrotunda,.depldnatb.}'

277 1215 424 1294 Hrrrr.
451 1213 491 1290 in
512 1213 694 1288 umbrosis
724 1211 929 1303 silvaticis,
960 1221 1001 1286 et
1021 1210 1217 1312 uliginosis
1247 1211 1350 1288 circa
1370 1211 1678 1308 conimbricam,
1712 1239 1807 1314 prae-

326 1315 455 1391 sertim
480 1325 595 1414 prope
617 1311 843 1392 Caenobiuru
865 1309 958 1390 Divi
978 1312 1142 1388 Au'touii
1163 1311 1312 1386 Montis
1332 1312 1553 1407 Olivsrum,
1583 1325 1624 1390 et
1643 1313 1736 1390 alibi
1766 1316 1806 1391 in

328 1414 466 1507 Beira,
487 1411 556 1488 sed
576 1411 632 1487 ibi
652 1411 881 1510 infrequens.
905 1410 1036 1486 Floret
1055 1409 1166 1486 Maio
1186 1422 1227 1486 et
1248 1410 1372 1491 Junio.
1396 1413 1588 1488 Perennis.

279 1615 455 1694 Purus,
474 1611 706 1703 amaricans,
736 1620 777 1689 et
796 1609 940 1686 viribus
969 1610 1172 1686 Veronicae
1201 1609 1381 1710 officinoli
1407 1610 1576 1706 similis,
1593 1621 1634 1688 et
1654 1633 1721 1712 pro
1741 1611 1807 1690 illa

331 1710 583 1806 usitata,'sed
605 1711 778 1790 debilior.

280 1914 375 1988 Ore.
401 1910 519 1986 Culta
550 1908 589 1989 in
609 1909 749 2002 hortis,
781 1919 822 1984 et
843 1908 989 1988 inculta
1019 1908 1058 1986 in
1078 1908 1170 1995 loois
1194 1909 1384 1987 fertilibus
1412 1935 1488 1986 non
1508 1909 1655 2008 opacis,
1688 1910 1805 1988 inter-

332 2013 421 2086 dum
453 2009 575 2084 variat
607 2011 715 2084 caule
746 2008 1027 2101 adscendente,
1058 2008 1190 2106 calyce
1221 2009 1260 2083 in
1282 2010 1430 2085 anthesi
1460 2010 1598 2109 aequali
1628 2011 1805 2106 corollae,

331 2121 400 2186 aut
419 2133 549 2208 parurn
570 2108 763 2203 breviore,
797 2104 1130 2208 quinquepartito,
1158 2108 1297 2184 lacinia
1319 2111 1453 2208 quinta
1473 2110 1630 2190 minima
1649 2109 1827 2208 feroque·

298 2299 301 2307 ⁴
331 2211 525 2299 obsoleta3
553 2207 642 2283 iude
662 2209 809 2306 species
829 2233 960 2308 parum
982 2208 1162 2283 distincta
1193 2232 1273 2284 esse
1294 2209 1445 2287 videtur
1477 2237 1499 2286 a
1520 2209 1554 2287 V
1584 2210 1734 2287 Teucrio
1756 2209 1803 2284 V.

330 2324 507 2389 montano
528 2316 568 2387 et
586 2323 790 2410 probrare,
812 2309 951 2408 quibus
964 2307 1083 2394 ,nimis
1102 2307 1230 2384 affinis.
