5752 7128
828 625 845 682 ;
863 583 1138 674 tusmnurm
1191 663 1197 674 ,
1338 552 1340 556 ’
1672 575 1739 673 69

292 777 419 864 Fons
446 783 620 884 opposita
639 784 775 882 (terna
795 783 921 878 nulla)
940 781 1082 858 sessilis
1095 835 1111 874 ,v
1128 778 1510 870 lineari-lanceolata,
1532 779 1772 862 obruslosus

293 895 349 982 la,
384 885 629 979 semiunciam
652 886 703 978 ad
723 882 870 964 unciam
893 884 1043 982 longa,
1064 907 1166 980 saepe
1186 879 1405 964 internodiis
1419 879 1673 964 ¹inferioribus
1690 883 1772 958 lon·

287 989 419 1091 giora,
446 997 657 1084 antrorsum
678 984 815 1060 latiore
834 982 967 1083 ibique
988 982 1125 1062 lineam
1148 982 1197 1058 ed
1216 980 1481 1081 sesquiliuearu
1503 983 1602 1076 lata,
1634 983 1773 1082 margi-

293 1087 535 1186 nibusvalde
568 1086 760 1175 revoluta,
790 1083 960 1160 emedio
984 1106 1105 1180 usque
1137 1083 1186 1158 ad
1206 1083 1313 1158 basin
1344 1078 1609 1180 integerrima,
1641 1107 1690 1158 ex
1709 1081 1773 1164 illo

293 1213 414 1289 usque
436 1187 484 1268 ad
506 1185 653 1284 apicem
677 1195 863 1273 crenata,
886 1187 997 1281 supral
1013 1207 1117 1281 saepe
1142 1208 1189 1258 ex
1211 1181 1327 1264 viridi
1342 1181 1561 1264 canusima
1583 1193 1774 1262 tomento-

295 1317 358 1378 sa,
380 1313 465 1363 raro
486 1287 642 1378 incana,
666 1283 993 1384 longitudiualiter
1023 1283 1063 1358 in
1084 1285 1210 1358 medio
1231 1283 1335 1358 disco
1359 1281 1592 1376 unisulcata,
1625 1283 1673 1356 ad
1694 1308 1775 1362 cre·

291 1415 361 1466 nas
381 1391 615 1486 subrugosa,
647 1390 806 1479 subtus,
840 1383 1044 1482 praesertim
1076 1389 1114 1458 in
1135 1407 1295 1458 nervura
1321 1381 1481 1472 dorsali,
1513 1383 1693 1456 exalbido
1715 1394 1774 1464 to·

262 1483 265 1489 ⁴
288 1500 426 1585 mento
448 1487 758 1584 densioritecta3
793 1484 959 1572 axillaria
980 1483 1158 1581 utrinque
1188 1482 1371 1581 plurima,
1402 1481 1510 1581 quasi
1531 1483 1775 1576 fasciculum,

296 1582 462 1688 quatuor
484 1587 531 1661 ‘ad
552 1601 640 1677 se'x,
663 1584 819 1659 dimidio
839 1586 919 1658 fere
940 1585 1114 1658 breviora
1136 1595 1176 1657 et
1198 1581 1436 1682 angustiora,
1465 1607 1511 1656 ex
1536 1583 1695 1680 gemmis
1716 1608 1775 1658 ra-

295 1689 456 1788 migenis
476 1699 630 1774 exorta3
651 1709 825 1782 suprema
846 1684 1011 1756 caulium
1034 1694 1075 1759 et
1096 1709 1283 1758 ramorum
1307 1682 1426 1756 forma
1446 1691 1487 1756 et
1507 1683 1773 1781 magnitudine

296 1813 398 1886 saepe
419 1786 501 1862 aliis
522 1785 760 1862 inferioribus
778 1783 922 1859 similia.

248 1989 459 2066 Cremona
482 1986 736 2078 subrotunda,
760 1984 934 2084 copiosa,
955 1985 1115 2082 etquasi
1135 1984 1374 2084 paniculata,
1394 1981 1431 2056 in
1446 1983 1663 2058 summitate
1685 2009 1778 2058 cau-

297 2089 390 2163 lium
422 2096 461 2160 et
480 2089 709 2161 ramulorum
735 2085 929 2178 tenuium,
962 2085 1029 2182 qui
1059 2087 1360 2184 pedunculorum
1392 2083 1495 2156 vices
1520 2095 1659 2181 agunt:
1687 2083 1778 2158 lolia

299 2188 378 2262 duo
399 2186 571 2284 opposita
599 2186 681 2260 aliis
701 2197 891 2260 structura
911 2183 1068 2278 similia,
1100 2188 1168 2259 sub
1190 2185 1338 2284 singulo
1359 2185 1528 2279 capitulo
1554 2184 1648 2276 sita,
1680 2183 1778 2281 ipso-

299 2310 375 2386 que
397 2285 590 2378 breviora,
622 2286 857 2360 involucrum
886 2283 1136 2360 constituunt.
1171 2283 1279 2358 Folia
1301 2283 1445 2357 floralia
1476 2307 1614 2379 parva,
1648 2285 1779 2356 oblan-

299 2387 450 2461 ceolata
462 2445 473 2481 ,
497 2387 627 2485 calyce
648 2387 761 2484 paulo
783 2383 967 2460 breviora.
990 2385 1119 2462 Flore·
1140 2384 1282 2477 erecti,
1303 2382 1497 2457 inferiores
1518 2383 1617 2476 laxi,
1645 2381 1780 2480 patuli.

250 2587 392 2663 Canus
418 2596 678 2678 tornentosos,
701 2586 1013 2684 campanulatus,
1031 2585 1202 2660 obsolete
1225 2581 1446 2684 angulatae,
1471 2581 1779 2682 quinquedenta·

300 2699 385 2776 tus,
410 2687 588 2761 dentibus
609 2687 807 2774 brevibus,
840 2685 1071 2782 aequalibus,
1103 2681 1357 2759 acutiusculir.
1379 2681 1532 2756 Corolla
1555 2683 1642 2756 alba
1664 2686 1678 2778 (
1691 2707 1779 2780 pur⁴

301 2797 568 2885 purascentem
601 2785 734 2861 nullibi
763 2785 868 2882 vidi.)
891 2785 1055 2860 Labium
1089 2784 1261 2882 superius
1293 2783 1457 2873 nullum,
1488 2783 1554 2854 sed
1588 2783 1669 2880 ejus
1699 2783 1782 2856 loco

302 2887 454 2975 fissura3
486 2885 629 2960 labium
652 2885 807 2960 inferius
830 2884 1250 2984 quinquelaciniatum,
1279 2882 1470 2956 terminali
1491 2879 1629 2956 lacinia
1650 2883 1783 2956 oblon-

302 3011 372 3084 ga,
394 2985 635 3060 acutiuscula
647 3023 665 3079 ,·
684 2985 939 3087 integerrima.

253 3184 380 3260 Srau.
408 3181 594 3260 filamenta
620 3185 883 3284 didynamioa,
915 3183 1065 3281 albida,
1097 3193 1275 3279 arcuata,
1309 3183 1410 3259 inter
1431 3182 1583 3256 corollae
1615 3181 1782 3256 fissuram

303 3284 567 3384 prominentia.
593 3287 752 3360 Atherae
772 3311 908 3384 parvae.

257 3484 363 3598 Prsn.
388 3508 543 3583 germen
566 3484 895 3584 quadripartitum.
926 3482 1056 3582 Stylus
1077 3483 1259 3560 fililormis
1279 3481 1356 3560 situ
1387 3491 1428 3558 et
1449 3479 1689 3580 longitudine
1710 3489 1786 3558 sta*

304 3607 470 3676 minum,
493 3585 680 3661 incurvus.
703 3585 892 3686 Stigmata
912 3584 1010 3677 duo,
1037 3583 1192 3680 tenuia,
1216 3595 1339 3660 acuta.

257 3786 610 3960 Suurucptquatuor
641 3783 904 3881 subrotunda,
935 3783 1063 3878 susce,
1094 3783 1271 3860 infundo
1303 3781 1442 3882 calycis
1473 3779 1705 3880 persistentis
1729 3801 1786 3855 re-

308 3910 379 3958 con
409 3910 473 3961 ra.
1486 3903 1490 3912 ·

259 4083 447 4161 Hanrrrrr
473 4083 649 4185 frequens
668 4085 706 4160 in
728 4085 908 4180 collibus,
927 4084 1159 4185 rupibusque
1181 4083 1362 4159 calcareis
1383 4082 1434 4157 de'
1449 4081 1651 4158 Memento
1671 4079 1789 4154 etAl-

309 4200 466 4260 cantora
497 4210 614 4284 prope
635 4187 893 4286 Olisiponem,
927 4197 968 4262 et
991 4183 1081 4261 alibi
1111 4189 1148 4260 in
1172 4185 1463 4261 Extremadura.
1496 4184 1627 4258 Floret
1652 4179 1789 4272 Junio,

312 4284 426 4359 Julio.
450 4283 655 4361 Sullrutex.

261 4483 380 4557 Onon
407 4483 656 4580 aromaticus,
678 4497 829 4588 gratus;
850 4507 960 4584 sapor
983 4484 1133 4586 ingrate
1156 4509 1315 4560 amarus.
1337 4475 1450 4557 Vires
1471 4493 1513 4558 ut
1530 4477 1669 4558 Teucr.
1684 4479 1788 4581 polii.

261 4681 357 4757 Oss.
385 4681 511 4756 Nimis
539 4683 659 4757 affine,
679 4685 846 4760 Teucrio
862 4681 984 4786 polio,
1016 4684 1119 4783 quod
1142 4683 1244 4758 circa
1265 4681 1573 4774 conimbricam,
1605 4677 1793 4754 rarissime

312 4783 401 4856 verb
422 4783 523 4857 circa
544 4784 799 4880 Olisiponem,
829 4783 1015 4874 occurrit3
1047 4783 1115 4858 sed
1136 4809 1222 4857 cum
1256 4782 1320 4856 illo
1351 4807 1425 4856 non
1454 4779 1792 4869 confundendum,

313 4882 439 4957 differt
469 4885 567 4956 enim
598 4895 745 4958 statura
774 4905 874 4982 saepe
906 4882 1055 4976 altiori,
1084 4893 1124 4956 et
1148 4881 1321 4956 caulibus
1351 4905 1542 4979 nunquam
1576 4875 1794 4976 prostratis,

312 4983 380 5056 sed
402 4983 631 5058 centralibus
652 4983 813 5073 erectis,
843 4982 1063 5058 lateralibus
1084 4981 1191 5057 brevi
1210 4982 1331 5078 spatio
1353 4980 1424 5054 etsi
1446 4985 1656 5054 extrorsum
1680 4975 1797 5050 delle·

314 5082 393 5171 xie,
421 5083 520 5157 illico
538 5083 698 5174 erectis;
730 5083 903 5180 insuper,
935 5081 1021 5158 novi
1043 5081 1160 5174 rami,
1191 5081 1256 5179 qui
1277 5075 1299 5154 d
1321 5081 1403 5156 basi
1424 5090 1679 5152 emortuorum
1704 5101 1795 5148 oau-

314 5179 404 5254 lium
427 5195 685 5280 perennante,
705 5183 784 5256 sive
809 5185 872 5257 illa
892 5191 1021 5258 erecta
1041 5182 1121 5256 sive
1143 5181 1291 5256 deflexa
1309 5181 1382 5274 sit,
1415 5187 1639 5276 erumpunt,
1665 5199 1796 5249 omnes

315 5305 459 5354 sursum
483 5309 610 5356 versus
641 5285 761 5357 erecti
783 5293 1019 5357 excrescunt.
1051 5281 1149 5355 Haec
1169 5280 1317 5380 species
1347 5306 1394 5353 ex
1415 5280 1516 5369 solu,
1547 5277 1622 5350 situ
1653 5286 1694 5349 et
1715 5275 1798 5366 aliis

315 5381 460 5471 causis,
483 5384 565 5480 plus
589 5383 758 5456 minusve
780 5387 925 5457 variare
956 5383 1076 5474 solet,
1108 5393 1281 5456 tomento
1311 5379 1460 5454 scilicet
1491 5377 1651 5474 partium
1684 5373 1798 5448 niveo

316 5491 385 5555 aut
406 5482 702 5582 subvircscente,
729 5484 904 5580 pertenui
927 5493 996 5556 aut
1016 5481 1201 5571 densiore,
1222 5480 1411 5554 nonnullis
1432 5479 1606 5551 caulibus
1627 5476 1709 5574 plus
1732 5473 1799 5546 mi·

315 5603 435 5653 nosve
457 5583 623 5675 deflexis,
645 5583 745 5657 foliis
767 5584 1047 5682 angustioribus
1069 5580 1367 5672 autlatioribus,
1395 5576 1570 5674 capitulis
1593 5573 1799 5650 minoribus

318 5689 385 5860 aTut
415 5682 647 5856 miimibus'
678 5683 924 5760 subrotundis
956 5694 1023 5760 aut
1054 5678 1381 5780 oblongiusculis3
1414 5676 1558 5753 idcirco
1588 5675 1797 5752 Teucriam

355 5808 425 5858 ora.
494 5838 502 5856 .
1236 5805 1254 5855 s
