4916 7110
853 561 1132 636 nnsrrummt
1671 547 1732 640 13

285 759 456 857 quinque
486 769 604 830 serre
625 753 744 830 lineas
770 749 914 853 longis,
947 747 1260 846 conniventilrus,
1290 753 1371 830 basi
1392 753 1523 831 tamen
1554 752 1765 850 distinctis,

283 859 392 958 apice
412 855 575 957 patulis3
598 853 744 930 dnobus
765 851 923 929 internis
942 855 1064 929 sormd
1083 851 1292 950 similibus,
1319 856 1394 940 sed,
1408 854 1526 954 duplo
1547 854 1765 932 minoribus

233 1047 438 1134 Nncrsnrr
464 1053 606 1131 labium
629 1053 803 1156 superius
830 1056 927 1151 (seu
949 1053 1030 1130 aliis
1049 1053 1228 1130 columna
1249 1055 1471 1157 gynandra)
1497 1053 1632 1154 petalis
1652 1054 1768 1131 inter-

282 1159 361 1250 nis,
382 1157 525 1257 qnibus
546 1155 748 1268 subjacet,
780 1155 953 1249 brevius,
984 1157 1185 1247 obtusum,
1216 1155 1535 1247 erectiusculum,
1563 1177 1767 1254 purpuras-

283 1283 385 1333 cens.
416 1255 579 1334 Labium
613 1255 770 1331 rnt‘erins
799 1257 1067 1353 propendens,
1100 1255 1342 1355 oblongum,
1373 1256 1620 1356 germineque
1651 1256 1767 1354 paulo

282 1357 456 1458 longius,
482 1354 605 1431 dilute
626 1379 800 1446 roseum,
836 1353 987 1451 punctis
1006 1353 1204 1452 purpureis
1226 1355 1480 1447 maculatum,
1512 1353 1767 1454 quadriparti-

283 1461 389 1552 tum,
421 1453 566 1532 laciniis
585 1453 791 1530 linearibus
819 1453 1096 1556 integerrimis,
1128 1454 1277 1529 duabus
1300 1455 1479 1532 extremis
1508 1453 1763 1554 longioribus,

283 1557 479 1658 pauloque
510 1554 727 1647 latioribus,
759 1577 942 1629 mucrone
972 1553 1061 1652 ipsis
1086 1551 1290 1658 interjecto
1321 1556 1431 1630 valde
1460 1556 1600 1656 longo,
1630 1553 1765 1654 sicque

281 1659 459 1757 pendulae
479 1654 596 1730 simiae
607 1657 763 1730 sormam
787 1653 1025 1752 aliquatenus
1048 1653 1224 1728 referens.
1248 1655 1397 1746 Calcat,
1417 1681 1486 1730 seu
1508 1656 1622 1730 tubus
1642 1655 1765 1728 corni·

284 1757 364 1832 culi
383 1755 534 1846 formis,
556 1754 736 1853 pendens,
756 1752 860 1829 labio
880 1752 1071 1848 concolor,
1092 1753 1264 1852 germine
1285 1756 1334 1830 ad
1348 1753 1544 1832 dimidiam
1564 1754 1765 1831 tertiamve

282 1865 431 1956 partem
455 1853 615 1931 breviusr

239 2057 366 2133 Suum.
394 2057 588 2132 filamenta
611 2055 709 2145 duo,
741 2053 984 2149 tenuissima,
1015 2057 1143 2152 lutea,
1173 2055 1438 2156 sesquiliue'am
1466 2057 1602 2156 longa,
1633 2055 1764 2156 singu-

283 2158 362 2231 lum
392 2156 431 2230 in
450 2157 597 2255 singula
617 2156 793 2256 vaginulb
815 2157 1127 2250 membranacea,
1161 2156 1371 2247 univalvia‚
1403 2155 1505 2232 labio
1525 2155 1685 2232 nectarii
1704 2179 1765 2230 su·

282 2255 421 2354 periori
441 2257 601 2348 adnata,
621 2254 884 2348 reconditum3
907 2266 1112 2355 utrumque
1132 2255 1319 2357 glandulae
1339 2257 1506 2355 globosae
1529 2281 1689 2331 mucosa
1708 2255 1764 2329 in*

284 2357 390 2432 ferne
421 2354 624 2448 insertum,
657 2357 820 2454 supemb
850 2356 889 2430 in
914 2357 1147 2432 ramusculos
1177 2357 1375 2456 plurimos,
1406 2353 1550 2454 pollinis
1580 2379 1697 2454 grana
1725 2355 1766 2432 iu

285 2454 503 2555 congeriem
524 2455 812 2556 subglobosam,
832 2479 899 2530 seu
917 2455 1136 2548 antheram,
1157 2470 1352 2533 coarctata
1372 2457 1558 2550 serentes,
1580 2456 1761 2532 divisum:

285 2579 403 2657 grana
423 2554 567 2653 pollinis
586 2556 712 2652 lutea,
734 2557 937 2656 angulosa,
957 2555 1096 2649 solida,
1117 2557 1299 2656 inaperta.

239 2755 420 2831 Gaurum
444 2754 637 2842 inferum,
667 2756 1056 2857 sulcato-angulosum
1081 2811 1092 2848 ‚
1122 2757 1271 2850 sessile,
1301 2755 1604 2832 subcontortum.
1635 2754 1765 2852 Stylns

286 2855 433 2947 brevis,
464 2858 530 2953 qui
557 2856 647 2930 mihi
672 2880 758 2954 pars
778 2879 902 2932 crassa
923 2856 1104 2956 posterior
1133 2855 1225 2931 labii
1244 2856 1467 2956 superioris,
1498 2867 1540 2930 et
1562 2853 1761 2952 stigmatis.

286 2954 435 3031 Verum
456 2953 548 3030 mibi
566 2956 704 3056 stigma
723 2956 846 3032 fornix
865 2955 984 3032 laucis
1003 2956 1163 3032 nectarii
1185 2981 1359 3032 mucosus
1376 2957 1449 3031 sub
1469 2953 1572 3030 labio
1592 2953 1761 3052 superio·

285 3054 340 3150 ri,
361 3066 403 3132 et
422 3057 493 3130 sub
510 3055 720 3156 glandulis,
742 3055 882 3156 quibus
901 3056 1105 3133 staminum
1128 3057 1322 3132 filamenta
1342 3054 1566 3130 inseruntur.

239 3255 379 3332 Pnnrc.
404 3255 571 3354 Capsula
589 3255 778 3358 oblonga,
797 3257 964 3350 sulcata,
994 3254 1252 3349 uuilooularis,
1276 3253 1453 3332 trivalvis.
1479 3253 1633 3330 Semina
1652 3251 1766 3353 pluri*

245 3385 248 3392 ·
286 3373 371 3449 rna,
392 3353 653 3452 scobisormia,
675 3379 744 3432 seu
762 3356 1014 3456 subglobosa,
1038 3355 1144 3431 arillo
1163 3356 1379 3432 scobiformi
1399 3353 1555 3431 inclusa.

237 3556 432 3632 Haerran
456 3555 494 3630 in
516 3555 678 3633 collibus
696 3555 875 3631 siccisen
891 3555 986 3632 Oliri
1034 3575 1087 3632 ne
1106 3576 1229 3656 usque
1250 3553 1655 3645 adTurrcs-Veteres,
1679 3501 1766 3630 Cirr-

287 3670 369 3749 ινα,
395 3663 437 3731 et
456 3655 546 3733 alibi
565 3657 605 3731 in
623 3654 902 3733 Extremodnrn
923 3669 965 3731 et
1025 3658 1113 3732 circ
1137 3657 1268 3732 Floret
1288 3657 1535 3755 primorem.¹
1559 3652 1753 3728 Perennis.

238 3854 331 3931 Ons.
362 3854 407 3930 1.⁰
433 3855 571 3932 Orobis
600 3854 874 4031 tepgrornsuntbos
903 3853 1159 3934 Willdenovii·
1179 3855 1320 3956 (Spec.
1355 3795 1505 3950 Plant.)
1538 3877 1623 3952 quaa
1654 3878 1677 3927 a
1704 3852 1766 3928 La

287 3953 465 4032 Marckio
484 3959 499 4052 (
514 3955 617 4031 Dict.
699 3966 726 4031 t.
749 3955 927 4054 Encycl.)
946 3953 1083 4030 Orobis
1111 3955 1221 4031 sinam
1251 3954 1487 4047 nominatur,
1518 3953 1606 4028 huic
1626 3961 1765 4026 nostrae

286 4054 621 4233 pieplpfipttliippstsset
642 4057 726 4155 ejus
745 4057 853 4156 quasi
873 4054 1058 4150 varietas,
1073 4055 1146 4130 sed
1167 4053 1291 4130 differt
1310 4053 1448 4155 petalis
1466 4051 1764 4146 confluentibus,

240 4352 332 4429 Ors.
355 4358 403 4431 2.·
425 4351 669 4456 Tot'aplauta
688 4355 845 4432 inodora
865 4366 936 4453 est,
961 4377 1173 4456 saporeque
1193 4353 1460 4455 mucilaginoso
1480 4351 1648 4452 praedita.
1671 4350 1766 4449 Ejus

289 4455 421 4549 bulbi,
456 4458 513 4533 uti
542 4457 657 4532 etiam
688 4457 752 4532 alii
772 4457 1048 4535 Orchidearum
1080 4457 1371 4553 Europaearum,
1391 4457 1528 4533 naturd
1549 4454 1767 4548 viribusque

289 4553 404 4652 Salep
425 4555 597 4629 orientali
617 4556 758 4632 similes
776 4572 886 4653 sunt,
918 4569 1037 4656 atque
1058 4567 1167 4632 extra
1195 4579 1306 4629 omne
1325 4555 1482 4630 dubium
1513 4552 1596 4652 pari
1615 4574 1766 4626 succes·

288 4677 356 4745 su,
377 4654 456 4728 sive
479 4667 523 4730 ut
542 4655 765 4730 alimentum
788 4659 867 4732 sive
890 4670 931 4732 ut
952 4657 1211 4747 medicamen,
1244 4655 1280 4727 ei
1299 4653 1481 4729 substitui
1501 4665 1666 4751 pooeunt.
1696 4648 1768 4724 Or-

289 4751 445 4830 chideoa
465 4754 605 4830 bulbos
634 4756 684 4830 ab
705 4756 974 4848 orientalibus,
1007 4766 1212 4853 antequam
1240 4751 1359 4828 caulis
1378 4755 1533 4842 floreat,
1563 4750 1693 4850 colligi
1714 4751 1768 4824 fe·

288 4866 400 4945 runt3
432 4855 499 4929 sed
520 4854 620 4953 apud
641 4878 707 4927 nos
726 4856 911 4954 optimum
942 4877 1009 4929 eos
1027 4854 1235 4954 colligendi
1257 4865 1408 4951 tempus
1427 4853 1523 4926 illud
1550 4852 1636 4926 cbrn
1658 4849 1769 4923 senri-

288 4952 400 5028 nibus
415 4955 495 5054 jam
516 4955 687 5030 formatis
706 4954 1082 5030 caulis⁵marcescere
1102 4953 1258 5050 incipit,
1291 4965 1384 5027 tunc
1406 4953 1506 5026 enirn
1529 4950 1617 5024 novi
1640 4947 1768 5040 bulbi,

289 5053 356 5150 qui
380 5053 490 5128 unice
520 5053 559 5129 in
582 5079 689 5128 usum
711 5053 921 5147 avellendi,
953 5079 1059 5130 suam
1086 5053 1361 5152 plenitudinem
1395 5053 1604 5150 perlectam
1638 5049 1770 5143 adepti

289 5163 399 5246 sunt,
425 5165 467 5228 et
487 5179 511 5228 a
530 5155 723 5230 veteribus
743 5153 1067 5230 marcescentibus
1086 5153 1177 5228 satis
1199 5155 1298 5228 bene
1318 5151 1599 5250 dignoscuntur.
1632 5148 1771 5223 Avulsi

288 5251 427 5354 frigida
446 5254 621 5330 lavantur
640 5256 758 5354 aqua,
782 5255 920 5332 deinde
941 5253 979 5328 in
1000 5253 1162 5328 ferventi
1184 5253 1258 5326 alib
1281 5251 1520 5350 injiciuntur,
1542 5249 1645 5324 unde
1665 5247 1768 5322 illico

247 5367 251 5376 '
290 5353 566 5447 extrahuntur,
587 5365 628 5430 ot
649 5377 779 5429 eorum
802 5353 974 5431 cuticula
994 5377 1068 5451 ope
1089 5351 1236 5427 linteoli
1256 5351 1359 5426 rudis
1379 5349 1613 5450 detergitur3
1636 5363 1771 5446 postea

289 5449 328 5526 iu
340 5466 480 5550 patena
500 5453 657 5552 dispersi
679 5455 876 5530 insurnum
889 5451 1083 5551 pistorium
1107 5451 1415 5541 introducuntur,
1437 5451 1501 5525 ubi
1517 5475 1583 5548 per
1601 5449 1771 5548 quinque

289 5552 337 5626 ad
359 5565 447 5628 octo
468 5554 612 5628 minuta
641 5553 874 5644 retinentur,
906 5552 1044 5628 exinde
1074 5551 1113 5627 in
1133 5549 1368 5627 conclavium
1401 5552 1702 5642 transferuntur,
1730 5558 1772 5622 et

288 5649 341 5826 ipi
363 5677 431 5751 per
450 5653 595 5754 aliquot
616 5653 727 5732 horas
746 5655 815 5736 soli
835 5663 1075 5755 exponuntur
1095 5673 1218 5752 usque
1239 5652 1328 5727 dum
1348 5651 1502 5728 tandem
1525 5649 1680 5728 omnino
1700 5647 1771 5724 sic-

325 5777 397 5828 um.
422 5754 476 5831 11.
666 5793 668 5797 v
1203 5777 1227 5828 n
