<?xml version="1.0" encoding="UTF-8"?>
<!DOCTYPE html PUBLIC "-//W3C//DTD XHTML 1.0 Transitional//EN"
    "http://www.w3.org/TR/xhtml1/DTD/xhtml1-transitional.dtd">
<html xmlns="http://www.w3.org/1999/xhtml" xml:lang="en" lang="en">
 <head>
  <title>
</title>
<meta http-equiv="Content-Type" content="text/html;charset=utf-8" />
  <meta name='ocr-system' content='tesseract 3.04.00' />
  <meta name='ocr-capabilities' content='ocr_page ocr_carea ocr_par ocr_line ocrx_word'/>
</head>
<body>
  <div class='ocr_page' id='page_1' title='image "./phytographialus00brotgoog_0087.png"; bbox 0 0 4916 7110; ppageno 0'>
   <div class='ocr_carea' id='block_1_1' title="bbox 749 497 1636 637">
    <p class='ocr_par' dir='ltr' id='par_1_1' title="bbox 749 497 1636 637">
     <span class='ocr_line' id='line_1_1' title="bbox 749 497 1636 637; baseline 0.002 -39"><span class='ocrx_word' id='word_1_1' title='bbox 749 533 1029 602; x_wconf 73' lang='lat' dir='ltr'><strong>numerurm</strong></span> <span class='ocrx_word' id='word_1_2' title='bbox 1227 631 1229 637; x_wconf 16' lang='grc' dir='ltr'>Ι</span> <span class='ocrx_word' id='word_1_3' title='bbox 1418 497 1419 501; x_wconf 25' lang='lat'>¹</span> <span class='ocrx_word' id='word_1_4' title='bbox 1554 517 1636 608; x_wconf 75' lang='lat'><strong>53.</strong></span> 
     </span>
    </p>
   </div>
   <div class='ocr_carea' id='block_1_2' title="bbox 125 717 1662 1122">
    <p class='ocr_par' dir='ltr' id='par_1_2' title="bbox 125 717 1662 1122">
     <span class='ocr_line' id='line_1_2' title="bbox 125 717 1658 816; baseline -0.001 -14"><span class='ocrx_word' id='word_1_5' title='bbox 125 728 264 816; x_wconf 71' lang='lat' dir='ltr'><strong>Preme.</strong></span> <span class='ocrx_word' id='word_1_6' title='bbox 292 719 453 804; x_wconf 87' lang='lat' dir='ltr'><strong>nullum.</strong></span> <span class='ocrx_word' id='word_1_7' title='bbox 476 719 631 796; x_wconf 85' lang='lat' dir='ltr'><strong>Corolia</strong></span> <span class='ocrx_word' id='word_1_8' title='bbox 650 743 782 796; x_wconf 86' lang='lat' dir='ltr'><strong>semen</strong></span> <span class='ocrx_word' id='word_1_9' title='bbox 800 731 907 796; x_wconf 89' lang='lat' dir='ltr'><strong>arcte</strong></span> <span class='ocrx_word' id='word_1_10' title='bbox 928 722 1054 813; x_wconf 80' lang='lat' dir='ltr'><strong>fovet,</strong></span> <span class='ocrx_word' id='word_1_11' title='bbox 1076 717 1238 796; x_wconf 84' lang='lat' dir='ltr'><strong>dehiscit</strong></span> <span class='ocrx_word' id='word_1_12' title='bbox 1259 728 1389 796; x_wconf 84' lang='lat' dir='ltr'><strong>tamen</strong></span> <span class='ocrx_word' id='word_1_13' title='bbox 1412 735 1457 798; x_wconf 86' lang='lat' dir='ltr'><strong>ac</strong></span> <span class='ocrx_word' id='word_1_14' title='bbox 1475 723 1658 812; x_wconf 83' lang='lat' dir='ltr'><strong>demittit.</strong></span> 
     </span>
     <span class='ocr_line' id='line_1_3' title="bbox 173 819 1661 922; baseline -0.003 -20"><span class='ocrx_word' id='word_1_15' title='bbox 173 829 312 902; x_wconf 88' lang='lat' dir='ltr'><strong>Semen</strong></span> <span class='ocrx_word' id='word_1_16' title='bbox 335 821 576 922; x_wconf 85' lang='lat' dir='ltr'>longitudine</span> <span class='ocrx_word' id='word_1_17' title='bbox 597 823 676 896; x_wconf 82' lang='lat' dir='ltr'><strong>iere</strong></span> <span class='ocrx_word' id='word_1_18' title='bbox 697 819 817 892; x_wconf 86' lang='lat' dir='ltr'><strong>valvae</strong></span> <span class='ocrx_word' id='word_1_19' title='bbox 837 820 1025 895; x_wconf 89' lang='lat' dir='ltr'><strong>interioris</strong></span> <span class='ocrx_word' id='word_1_20' title='bbox 1044 821 1220 916; x_wconf 86' lang='lat' dir='ltr'><strong>corollae,</strong></span> <span class='ocrx_word' id='word_1_21' title='bbox 1244 821 1409 920; x_wconf 84' lang='lat' dir='ltr'><strong>gracile,</strong></span> <span class='ocrx_word' id='word_1_22' title='bbox 1432 823 1661 921; x_wconf 81' lang='lat' dir='ltr'><strong>subtineare,</strong></span> 
     </span>
     <span class='ocr_line' id='line_1_4' title="bbox 173 920 1662 1019; baseline -0.003 -16"><span class='ocrx_word' id='word_1_23' title='bbox 173 925 257 1003; x_wconf 89' lang='lat' dir='ltr'><strong>basi</strong></span> <span class='ocrx_word' id='word_1_24' title='bbox 280 933 458 1014; x_wconf 88' lang='lat' dir='ltr'><strong>acutum,</strong></span> <span class='ocrx_word' id='word_1_25' title='bbox 490 922 598 1019; x_wconf 84' lang='lat' dir='ltr'><strong>apice</strong></span> <span class='ocrx_word' id='word_1_26' title='bbox 630 921 807 994; x_wconf 89' lang='lat' dir='ltr'><strong>obtusum</strong></span> <span class='ocrx_word' id='word_1_27' title='bbox 838 920 1073 1017; x_wconf 85' lang='lat' dir='ltr'><strong>pubescens,</strong></span> <span class='ocrx_word' id='word_1_28' title='bbox 1105 921 1193 994; x_wconf 88' lang='lat' dir='ltr'><strong>hinc</strong></span> <span class='ocrx_word' id='word_1_29' title='bbox 1216 945 1428 997; x_wconf 86' lang='lat' dir='ltr'><strong>convexum</strong></span> <span class='ocrx_word' id='word_1_30' title='bbox 1461 923 1551 997; x_wconf 90' lang='lat' dir='ltr'><strong>inde</strong></span> <span class='ocrx_word' id='word_1_31' title='bbox 1580 925 1662 999; x_wconf 91' lang='lat' dir='ltr'><strong>uni-</strong></span> 
     </span>
     <span class='ocr_line' id='line_1_5' title="bbox 173 1020 1561 1122; baseline 0.001 -20"><span class='ocrx_word' id='word_1_32' title='bbox 173 1028 373 1103; x_wconf 80' lang='lat' dir='ltr'><strong>sulcatum.</strong></span> <span class='ocrx_word' id='word_1_33' title='bbox 397 1023 564 1098; x_wconf 89' lang='lat' dir='ltr'><strong>Plurima</strong></span> <span class='ocrx_word' id='word_1_34' title='bbox 582 1045 684 1119; x_wconf 83' lang='lat' dir='ltr'><strong>saepe</strong></span> <span class='ocrx_word' id='word_1_35' title='bbox 706 1021 905 1115; x_wconf 82' lang='lat' dir='ltr'>abortant,</span> <span class='ocrx_word' id='word_1_36' title='bbox 919 1020 1008 1095; x_wconf 83' lang='lat' dir='ltr'><strong>&#39;duo</strong></span> <span class='ocrx_word' id='word_1_37' title='bbox 1029 1020 1094 1098; x_wconf 77' lang='lat' dir='ltr'><strong>rix</strong></span> <span class='ocrx_word' id='word_1_38' title='bbox 1110 1021 1252 1098; x_wconf 78' lang='lat' dir='ltr'><strong>fertilia</strong></span> <span class='ocrx_word' id='word_1_39' title='bbox 1272 1023 1310 1096; x_wconf 92' lang='lat' dir='ltr'><strong>in</strong></span> <span class='ocrx_word' id='word_1_40' title='bbox 1332 1023 1414 1098; x_wconf 84' lang='lat' dir='ltr'><strong>basi</strong></span> <span class='ocrx_word' id='word_1_41' title='bbox 1434 1027 1561 1122; x_wconf 88' lang='lat' dir='ltr'><strong>spicae.</strong></span> 
     </span>
    </p>
   </div>
   <div class='ocr_carea' id='block_1_3' title="bbox 125 1216 1665 1502">
    <p class='ocr_par' dir='ltr' id='par_1_3' title="bbox 125 1216 1665 1502">
     <span class='ocr_line' id='line_1_6' title="bbox 125 1216 1665 1320; baseline -0.005 -15"><span class='ocrx_word' id='word_1_42' title='bbox 125 1229 314 1305; x_wconf 78' lang='lat' dir='ltr'><strong>Hanrrnr</strong></span> <span class='ocrx_word' id='word_1_43' title='bbox 341 1224 388 1299; x_wconf 86' lang='lat' dir='ltr'><strong>ad</strong></span> <span class='ocrx_word' id='word_1_44' title='bbox 409 1246 518 1320; x_wconf 86' lang='lat' dir='ltr'><strong>sepes</strong></span> <span class='ocrx_word' id='word_1_45' title='bbox 540 1221 695 1298; x_wconf 88' lang='lat' dir='ltr'><strong>litoreas</strong></span> <span class='ocrx_word' id='word_1_46' title='bbox 714 1220 812 1295; x_wconf 84' lang='lat' dir='ltr'><strong>infra</strong></span> <span class='ocrx_word' id='word_1_47' title='bbox 836 1216 962 1294; x_wconf 72' lang='lat' dir='ltr'><strong>Belem</strong></span> <span class='ocrx_word' id='word_1_48' title='bbox 981 1243 1099 1318; x_wconf 91' lang='lat' dir='ltr'><strong>prope</strong></span> <span class='ocrx_word' id='word_1_49' title='bbox 1110 1220 1370 1320; x_wconf 89' lang='lat' dir='ltr'><strong>Olisiponem,</strong></span> <span class='ocrx_word' id='word_1_50' title='bbox 1393 1224 1586 1299; x_wconf 82' lang='lat' dir='ltr'><strong>Cezimdra</strong></span> <span class='ocrx_word' id='word_1_51' title='bbox 1607 1234 1665 1299; x_wconf 91' lang='lat' dir='ltr'><strong>at-</strong></span> 
     </span>
     <span class='ocr_line' id='line_1_7' title="bbox 134 1319 1662 1502; baseline -0.001 -100"><span class='ocrx_word' id='word_1_52' title='bbox 134 1375 137 1382; x_wconf 32' lang='lat'>*</span> <span class='ocrx_word' id='word_1_53' title='bbox 170 1324 522 1502; x_wconf 53' lang='lat' dir='ltr'><strong>Effiigdfflffi’</strong></span> <span class='ocrx_word' id='word_1_54' title='bbox 540 1321 718 1424; x_wconf 74' lang='lat' dir='ltr'><strong>Fiqueira</strong></span> <span class='ocrx_word' id='word_1_55' title='bbox 739 1331 782 1398; x_wconf 78' lang='lat' dir='ltr'><strong>esst</strong></span> <span class='ocrx_word' id='word_1_56' title='bbox 802 1319 894 1396; x_wconf 90' lang='lat' dir='ltr'><strong>alibi</strong></span> <span class='ocrx_word' id='word_1_57' title='bbox 912 1319 952 1396; x_wconf 88' lang='lat' dir='ltr'><strong>iu</strong></span> <span class='ocrx_word' id='word_1_58' title='bbox 973 1323 1140 1399; x_wconf 81' lang='lat' dir='ltr'><strong>arenosis</strong></span> <span class='ocrx_word' id='word_1_59' title='bbox 1160 1322 1369 1404; x_wconf 78' lang='lat' dir='ltr'><strong>maritimis</strong></span> <span class='ocrx_word' id='word_1_60' title='bbox 1394 1324 1662 1420; x_wconf 83' lang='lat' dir='ltr'><strong>FloretMaio,</strong></span> 
     </span>
    </p>
   </div>
   <div class='ocr_carea' id='block_1_4' title="bbox 125 1573 1663 1950">
    <p class='ocr_par' dir='ltr' id='par_1_4' title="bbox 125 1573 1663 1950">
     <span class='ocr_line' id='line_1_8' title="bbox 125 1573 1663 1721; baseline -0.002 -16"><span class='ocrx_word' id='word_1_61' title='bbox 125 1631 246 1710; x_wconf 76' lang='lat' dir='ltr'><strong>Usus</strong></span> <span class='ocrx_word' id='word_1_62' title='bbox 272 1624 401 1702; x_wconf 84' lang='lat' dir='ltr'><strong>Radix</strong></span> <span class='ocrx_word' id='word_1_63' title='bbox 420 1573 654 1713; x_wconf 69' lang='lat' dir='ltr'><strong>subdulcia,</strong></span> <span class='ocrx_word' id='word_1_64' title='bbox 672 1632 713 1696; x_wconf 91' lang='lat' dir='ltr'><strong>et</strong></span> <span class='ocrx_word' id='word_1_65' title='bbox 734 1620 771 1694; x_wconf 94' lang='lat' dir='ltr'><strong>vi</strong></span> <span class='ocrx_word' id='word_1_66' title='bbox 790 1621 931 1696; x_wconf 86' lang='lat' dir='ltr'><strong>blande</strong></span> <span class='ocrx_word' id='word_1_67' title='bbox 946 1591 1191 1717; x_wconf 83' lang='lat' dir='ltr'><strong>resolvente,</strong></span> <span class='ocrx_word' id='word_1_68' title='bbox 1222 1625 1418 1721; x_wconf 80' lang='lat' dir='ltr'><strong>aperiente</strong></span> <span class='ocrx_word' id='word_1_69' title='bbox 1441 1625 1663 1702; x_wconf 78' lang='lat' dir='ltr'><strong>demulcen-</strong></span> 
     </span>
     <span class='ocr_line' id='line_1_9' title="bbox 174 1719 1663 1825; baseline -0.001 -21"><span class='ocrx_word' id='word_1_70' title='bbox 174 1739 294 1825; x_wconf 88' lang='lat' dir='ltr'><strong>teque</strong></span> <span class='ocrx_word' id='word_1_71' title='bbox 314 1750 391 1801; x_wconf 87' lang='lat' dir='ltr'><strong>nou</strong></span> <span class='ocrx_word' id='word_1_72' title='bbox 413 1724 557 1815; x_wconf 89' lang='lat' dir='ltr'><strong>minus,</strong></span> <span class='ocrx_word' id='word_1_73' title='bbox 591 1719 704 1820; x_wconf 78' lang='lat' dir='ltr'><strong>qudm</strong></span> <span class='ocrx_word' id='word_1_74' title='bbox 726 1721 787 1794; x_wconf 84' lang='lat' dir='ltr'><strong>itia</strong></span> <span class='ocrx_word' id='word_1_75' title='bbox 809 1721 948 1796; x_wconf 84' lang='lat' dir='ltr'><strong>Tritici</strong></span> <span class='ocrx_word' id='word_1_76' title='bbox 970 1725 1148 1824; x_wconf 72' lang='lat' dir='ltr'><strong>repentis,</strong></span> <span class='ocrx_word' id='word_1_77' title='bbox 1179 1723 1341 1822; x_wconf 85' lang='lat' dir='ltr'><strong>praedita</strong></span> <span class='ocrx_word' id='word_1_78' title='bbox 1361 1735 1431 1802; x_wconf 90' lang='lat' dir='ltr'><strong>est.</strong></span> <span class='ocrx_word' id='word_1_79' title='bbox 1463 1726 1593 1802; x_wconf 91' lang='lat' dir='ltr'><strong>Culmi</strong></span> <span class='ocrx_word' id='word_1_80' title='bbox 1615 1735 1663 1802; x_wconf 82' lang='lat' dir='ltr'><strong>et</strong></span> 
     </span>
     <span class='ocr_line' id='line_1_10' title="bbox 174 1821 1424 1950; baseline -0.009 -46"><span class='ocrx_word' id='word_1_81' title='bbox 174 1827 267 1904; x_wconf 80' lang='lat' dir='ltr'><strong>folia</strong></span> <span class='ocrx_word' id='word_1_82' title='bbox 288 1837 437 1930; x_wconf 87' lang='lat' dir='ltr'><strong>gratum</strong></span> <span class='ocrx_word' id='word_1_83' title='bbox 460 1821 591 1921; x_wconf 91' lang='lat' dir='ltr'><strong>pecori</strong></span> <span class='ocrx_word' id='word_1_84' title='bbox 612 1821 792 1950; x_wconf 68' lang='lat' dir='ltr'><strong>pabutum</strong></span> <span class='ocrx_word' id='word_1_85' title='bbox 814 1831 1006 1918; x_wconf 85' lang='lat' dir='ltr'><strong>praestant.</strong></span> <span class='ocrx_word' id='word_1_86' title='bbox 1419 1850 1424 1862; x_wconf 59' lang='lat'><em>⁴</em></span> 
     </span>
    </p>
   </div>
   <div class='ocr_carea' id='block_1_5' title="bbox 127 2016 1665 2520">
    <p class='ocr_par' dir='ltr' id='par_1_5' title="bbox 127 2016 1663 2124">
     <span class='ocr_line' id='line_1_11' title="bbox 127 2016 1663 2124; baseline -0.002 -20"><span class='ocrx_word' id='word_1_87' title='bbox 127 2029 222 2104; x_wconf 84' lang='lat' dir='ltr'><strong>Oss.</strong></span> <span class='ocrx_word' id='word_1_88' title='bbox 253 2027 297 2101; x_wconf 83' lang='lat' dir='ltr'><strong>l.⁰</strong></span> <span class='ocrx_word' id='word_1_89' title='bbox 326 2016 876 2118; x_wconf 78' lang='lat' dir='ltr'><strong>AffiueTritico&#39;junceoLin.,</strong></span> <span class='ocrx_word' id='word_1_90' title='bbox 900 2032 940 2097; x_wconf 90' lang='lat' dir='ltr'><strong>et</strong></span> <span class='ocrx_word' id='word_1_91' title='bbox 951 2047 1019 2121; x_wconf 91' lang='lat' dir='ltr'><strong>pro</strong></span> <span class='ocrx_word' id='word_1_92' title='bbox 1039 2022 1137 2122; x_wconf 88' lang='lat' dir='ltr'><strong>illius</strong></span> <span class='ocrx_word' id='word_1_93' title='bbox 1157 2023 1342 2100; x_wconf 87' lang='lat' dir='ltr'><strong>varietate</strong></span> <span class='ocrx_word' id='word_1_94' title='bbox 1362 2025 1539 2124; x_wconf 87' lang='lat' dir='ltr'><strong>primitus</strong></span> <span class='ocrx_word' id='word_1_95' title='bbox 1560 2053 1583 2102; x_wconf 88' lang='lat' dir='ltr'><strong>a</strong></span> <span class='ocrx_word' id='word_1_96' title='bbox 1603 2051 1663 2101; x_wconf 90' lang='lat' dir='ltr'><strong>me</strong></span> 
     </span>
    </p>

    <p class='ocr_par' dir='ltr' id='par_1_6' title="bbox 138 2123 1665 2520">
     <span class='ocr_line' id='line_1_12' title="bbox 138 2123 1663 2224; baseline -0.001 -22"><span class='ocrx_word' id='word_1_97' title='bbox 138 2167 141 2174; x_wconf 96' lang='lat'>·</span> <span class='ocrx_word' id='word_1_98' title='bbox 176 2126 376 2215; x_wconf 83' lang='lat' dir='ltr'><strong>habitum3</strong></span> <span class='ocrx_word' id='word_1_99' title='bbox 410 2149 458 2198; x_wconf 84' lang='lat' dir='ltr'><strong>ex</strong></span> <span class='ocrx_word' id='word_1_100' title='bbox 488 2123 765 2221; x_wconf 74' lang='lat' dir='ltr'><strong>posterioribus</strong></span> <span class='ocrx_word' id='word_1_101' title='bbox 794 2135 924 2196; x_wconf 85' lang='lat' dir='ltr'><strong>autem</strong></span> <span class='ocrx_word' id='word_1_102' title='bbox 957 2123 1291 2200; x_wconf 87' lang='lat' dir='ltr'><strong>observationibus</strong></span> <span class='ocrx_word' id='word_1_103' title='bbox 1310 2149 1352 2199; x_wconf 89' lang='lat' dir='ltr'><strong>re</strong></span> <span class='ocrx_word' id='word_1_104' title='bbox 1373 2127 1463 2200; x_wconf 68' lang='lat' dir='ltr'><strong>vert</strong></span> <span class='ocrx_word' id='word_1_105' title='bbox 1482 2127 1663 2224; x_wconf 76' lang='lat' dir='ltr'><strong>specifice</strong></span> 
     </span>
     <span class='ocr_line' id='line_1_13' title="bbox 177 2220 1665 2326; baseline -0.001 -25"><span class='ocrx_word' id='word_1_106' title='bbox 177 2228 367 2302; x_wconf 86' lang='lat' dir='ltr'><strong>diversum</strong></span> <span class='ocrx_word' id='word_1_107' title='bbox 391 2248 472 2298; x_wconf 87' lang='lat' dir='ltr'><strong>esse</strong></span> <span class='ocrx_word' id='word_1_108' title='bbox 494 2224 652 2321; x_wconf 81' lang='lat' dir='ltr'><strong>opinor3</strong></span> <span class='ocrx_word' id='word_1_109' title='bbox 685 2220 810 2298; x_wconf 85' lang='lat' dir='ltr'><strong>differt</strong></span> <span class='ocrx_word' id='word_1_110' title='bbox 832 2222 932 2300; x_wconf 88' lang='lat' dir='ltr'><strong>enim</strong></span> <span class='ocrx_word' id='word_1_111' title='bbox 953 2221 1082 2326; x_wconf 87' lang='lat' dir='ltr'><strong>culmo</strong></span> <span class='ocrx_word' id='word_1_112' title='bbox 1103 2227 1300 2317; x_wconf 83' lang='lat' dir='ltr'><strong>breviore,</strong></span> <span class='ocrx_word' id='word_1_113' title='bbox 1329 2248 1376 2300; x_wconf 86' lang='lat' dir='ltr'><strong>ex</strong></span> <span class='ocrx_word' id='word_1_114' title='bbox 1398 2225 1665 2324; x_wconf 73' lang='lat' dir='ltr'><strong>procumbenti</strong></span> 
     </span>
     <span class='ocr_line' id='line_1_14' title="bbox 177 2321 1664 2423; baseline 0.001 -23"><span class='ocrx_word' id='word_1_115' title='bbox 177 2337 329 2417; x_wconf 90' lang='lat' dir='ltr'><strong>erecto,</strong></span> <span class='ocrx_word' id='word_1_116' title='bbox 355 2323 437 2398; x_wconf 90' lang='lat' dir='ltr'><strong>basi</strong></span> <span class='ocrx_word' id='word_1_117' title='bbox 458 2348 625 2414; x_wconf 87' lang='lat' dir='ltr'><strong>ramoso,</strong></span> <span class='ocrx_word' id='word_1_118' title='bbox 657 2322 765 2396; x_wconf 89' lang='lat' dir='ltr'><strong>nodis</strong></span> <span class='ocrx_word' id='word_1_119' title='bbox 785 2321 1062 2420; x_wconf 86' lang='lat' dir='ltr'><strong>proprioribus,</strong></span> <span class='ocrx_word' id='word_1_120' title='bbox 1093 2325 1191 2400; x_wconf 86' lang='lat' dir='ltr'><strong>soliis</strong></span> <span class='ocrx_word' id='word_1_121' title='bbox 1215 2324 1386 2423; x_wconf 83' lang='lat' dir='ltr'><strong>margine</strong></span> <span class='ocrx_word' id='word_1_122' title='bbox 1410 2325 1590 2420; x_wconf 81' lang='lat' dir='ltr'><strong>laevibus,</strong></span> <span class='ocrx_word' id='word_1_123' title='bbox 1623 2337 1664 2401; x_wconf 89' lang='lat' dir='ltr'><strong>et</strong></span> 
     </span>
     <span class='ocr_line' id='line_1_15' title="bbox 177 2421 1298 2520; baseline -0.004 -19"><span class='ocrx_word' id='word_1_124' title='bbox 177 2427 326 2502; x_wconf 88' lang='lat' dir='ltr'><strong>corollae</strong></span> <span class='ocrx_word' id='word_1_125' title='bbox 348 2428 454 2502; x_wconf 85' lang='lat' dir='ltr'><strong>valva</strong></span> <span class='ocrx_word' id='word_1_126' title='bbox 474 2434 634 2499; x_wconf 84' lang='lat' dir='ltr'><strong>externa</strong></span> <span class='ocrx_word' id='word_1_127' title='bbox 655 2421 704 2496; x_wconf 87' lang='lat' dir='ltr'><strong>ad</strong></span> <span class='ocrx_word' id='word_1_128' title='bbox 725 2423 864 2499; x_wconf 86' lang='lat' dir='ltr'><strong>carinae</strong></span> <span class='ocrx_word' id='word_1_129' title='bbox 887 2421 1034 2520; x_wconf 87' lang='lat' dir='ltr'><strong>apicem</strong></span> <span class='ocrx_word' id='word_1_130' title='bbox 1057 2449 1131 2499; x_wconf 88' lang='lat' dir='ltr'><strong>non</strong></span> <span class='ocrx_word' id='word_1_131' title='bbox 1152 2425 1298 2502; x_wconf 85' lang='lat' dir='ltr'><strong>scabra.</strong></span> 
     </span>
    </p>
   </div>
   <div class='ocr_carea' id='block_1_6' title="bbox 95 2624 1665 3325">
    <p class='ocr_par' dir='ltr' id='par_1_7' title="bbox 95 2624 1665 3325">
     <span class='ocr_line' id='line_1_16' title="bbox 128 2624 1665 2728; baseline 0 -26"><span class='ocrx_word' id='word_1_132' title='bbox 128 2626 219 2704; x_wconf 71' lang='lat' dir='ltr'><strong>Osa.</strong></span> <span class='ocrx_word' id='word_1_133' title='bbox 248 2627 294 2702; x_wconf 60' lang='lat'><strong>2?</strong></span> <span class='ocrx_word' id='word_1_134' title='bbox 325 2624 451 2702; x_wconf 82' lang='lat' dir='ltr'><strong>Affiue</strong></span> <span class='ocrx_word' id='word_1_135' title='bbox 473 2647 629 2724; x_wconf 91' lang='lat' dir='ltr'><strong>quoque</strong></span> <span class='ocrx_word' id='word_1_136' title='bbox 649 2625 790 2705; x_wconf 88' lang='lat' dir='ltr'><strong>Bromo</strong></span> <span class='ocrx_word' id='word_1_137' title='bbox 820 2647 967 2698; x_wconf 82' lang='lat' dir='ltr'><strong>ramoso</strong></span> <span class='ocrx_word' id='word_1_138' title='bbox 987 2624 1096 2721; x_wconf 81' lang='lat' dir='ltr'><strong>Lim,</strong></span> <span class='ocrx_word' id='word_1_139' title='bbox 1128 2627 1196 2725; x_wconf 90' lang='lat' dir='ltr'><strong>qui</strong></span> <span class='ocrx_word' id='word_1_140' title='bbox 1229 2628 1395 2702; x_wconf 87' lang='lat' dir='ltr'><strong>Festuca</strong></span> <span class='ocrx_word' id='word_1_141' title='bbox 1418 2625 1665 2728; x_wconf 81' lang='lat' dir='ltr'><strong>pboeur&#39;coides</strong></span> 
     </span>
     <span class='ocr_line' id='line_1_17' title="bbox 95 2725 1664 2828; baseline 0 -26"><span class='ocrx_word' id='word_1_142' title='bbox 95 2755 97 2758; x_wconf 89' lang='lat'>·</span> <span class='ocrx_word' id='word_1_143' title='bbox 179 2727 351 2828; x_wconf 85' lang='lat' dir='ltr'><strong>ejusdem</strong></span> <span class='ocrx_word' id='word_1_144' title='bbox 373 2725 550 2800; x_wconf 86' lang='lat' dir='ltr'><strong>Botanici</strong></span> <span class='ocrx_word' id='word_1_145' title='bbox 584 2726 716 2820; x_wconf 90' lang='lat' dir='ltr'><strong>(nobis</strong></span> <span class='ocrx_word' id='word_1_146' title='bbox 736 2735 865 2799; x_wconf 89' lang='lat' dir='ltr'><strong>autem</strong></span> <span class='ocrx_word' id='word_1_147' title='bbox 886 2725 1078 2800; x_wconf 83' lang='lat' dir='ltr'><strong>Triticum</strong></span> <span class='ocrx_word' id='word_1_148' title='bbox 1097 2727 1344 2828; x_wconf 70' lang='lat' dir='ltr'><strong>phoenicoidm</strong></span> <span class='ocrx_word' id='word_1_149' title='bbox 1354 2732 1396 2825; x_wconf 92' lang='lat'><strong>,·)</strong></span> <span class='ocrx_word' id='word_1_150' title='bbox 1425 2727 1492 2801; x_wconf 90' lang='lat' dir='ltr'><strong>sed</strong></span> <span class='ocrx_word' id='word_1_151' title='bbox 1514 2728 1664 2825; x_wconf 79' lang='lat' dir='ltr'><strong>specifi-</strong></span> 
     </span>
     <span class='ocr_line' id='line_1_18' title="bbox 179 2823 1665 2926; baseline -0.002 -23"><span class='ocrx_word' id='word_1_152' title='bbox 179 2852 226 2903; x_wconf 87' lang='lat' dir='ltr'><strong>ce</strong></span> <span class='ocrx_word' id='word_1_153' title='bbox 247 2826 371 2902; x_wconf 84' lang='lat' dir='ltr'><strong>differt</strong></span> <span class='ocrx_word' id='word_1_154' title='bbox 389 2825 731 2916; x_wconf 80' lang='lat' dir='ltr'><strong>soliis‘latioribus,</strong></span> <span class='ocrx_word' id='word_1_155' title='bbox 762 2825 862 2900; x_wconf 84' lang='lat' dir='ltr'><strong>ultra</strong></span> <span class='ocrx_word' id='word_1_156' title='bbox 884 2823 978 2899; x_wconf 87' lang='lat' dir='ltr'><strong>duas</strong></span> <span class='ocrx_word' id='word_1_157' title='bbox 1000 2831 1130 2902; x_wconf 87' lang='lat' dir='ltr'><strong>uncias</strong></span> <span class='ocrx_word' id='word_1_158' title='bbox 1157 2826 1300 2924; x_wconf 83' lang='lat' dir='ltr'><strong>longis,</strong></span> <span class='ocrx_word' id='word_1_159' title='bbox 1332 2839 1373 2900; x_wconf 89' lang='lat' dir='ltr'><strong>et</strong></span> <span class='ocrx_word' id='word_1_160' title='bbox 1394 2847 1524 2900; x_wconf 89' lang='lat' dir='ltr'><strong>eorum</strong></span> <span class='ocrx_word' id='word_1_161' title='bbox 1547 2826 1665 2926; x_wconf 80' lang='lat' dir='ltr'><strong>ligula</strong></span> 
     </span>
     <span class='ocr_line' id='line_1_19' title="bbox 178 2922 1665 3025; baseline -0.002 -22"><span class='ocrx_word' id='word_1_162' title='bbox 178 2929 495 3017; x_wconf 85' lang='lat' dir='ltr'><strong>membranacea3</strong></span> <span class='ocrx_word' id='word_1_163' title='bbox 532 2922 686 3022; x_wconf 88' lang='lat' dir='ltr'><strong>spiculis</strong></span> <span class='ocrx_word' id='word_1_164' title='bbox 715 2947 792 2998; x_wconf 91' lang='lat' dir='ltr'><strong>nou</strong></span> <span class='ocrx_word' id='word_1_165' title='bbox 823 2923 1036 3016; x_wconf 86' lang='lat' dir='ltr'><strong>teretibus,</strong></span> <span class='ocrx_word' id='word_1_166' title='bbox 1071 2949 1143 3000; x_wconf 91' lang='lat' dir='ltr'><strong>non</strong></span> <span class='ocrx_word' id='word_1_167' title='bbox 1177 2925 1344 3025; x_wconf 81' lang='lat' dir='ltr'><strong>breviter</strong></span> <span class='ocrx_word' id='word_1_168' title='bbox 1374 2927 1560 3018; x_wconf 80' lang='lat' dir='ltr'><strong>cristatis,</strong></span> <span class='ocrx_word' id='word_1_169' title='bbox 1591 2951 1665 3000; x_wconf 88' lang='lat' dir='ltr'><strong>uec</strong></span> 
     </span>
     <span class='ocr_line' id='line_1_20' title="bbox 179 3025 1665 3124; baseline -0.001 -22"><span class='ocrx_word' id='word_1_170' title='bbox 179 3029 350 3102; x_wconf 88' lang='lat' dir='ltr'><strong>breviter</strong></span> <span class='ocrx_word' id='word_1_171' title='bbox 370 3025 659 3124; x_wconf 87' lang='lat' dir='ltr'><strong>pedunculatis,</strong></span> <span class='ocrx_word' id='word_1_172' title='bbox 680 3047 759 3100; x_wconf 91' lang='lat' dir='ltr'><strong>non</strong></span> <span class='ocrx_word' id='word_1_173' title='bbox 780 3026 919 3116; x_wconf 89' lang='lat' dir='ltr'><strong>unica,</strong></span> <span class='ocrx_word' id='word_1_174' title='bbox 942 3025 1115 3118; x_wconf 87' lang='lat' dir='ltr'><strong>duabus,</strong></span> <span class='ocrx_word' id='word_1_175' title='bbox 1146 3025 1267 3099; x_wconf 87' lang='lat' dir='ltr'><strong>tribus</strong></span> <span class='ocrx_word' id='word_1_176' title='bbox 1288 3034 1355 3098; x_wconf 91' lang='lat' dir='ltr'><strong>aut</strong></span> <span class='ocrx_word' id='word_1_177' title='bbox 1376 3028 1530 3122; x_wconf 75' lang='lat' dir='ltr'><strong>paucis,</strong></span> <span class='ocrx_word' id='word_1_178' title='bbox 1563 3026 1665 3124; x_wconf 81' lang='lat' dir='ltr'><strong>caly-</strong></span> 
     </span>
     <span class='ocr_line' id='line_1_21' title="bbox 180 3123 1664 3218; baseline -0.001 -17"><span class='ocrx_word' id='word_1_179' title='bbox 180 3151 227 3201; x_wconf 87' lang='lat' dir='ltr'><strong>ce</strong></span> <span class='ocrx_word' id='word_1_180' title='bbox 248 3152 333 3202; x_wconf 89' lang='lat' dir='ltr'><strong>non·</strong></span> <span class='ocrx_word' id='word_1_181' title='bbox 346 3136 487 3218; x_wconf 88' lang='lat' dir='ltr'><strong>acuto,</strong></span> <span class='ocrx_word' id='word_1_182' title='bbox 510 3133 551 3202; x_wconf 91' lang='lat' dir='ltr'><strong>et</strong></span> <span class='ocrx_word' id='word_1_183' title='bbox 572 3123 722 3202; x_wconf 87' lang='lat' dir='ltr'><strong>corollae</strong></span> <span class='ocrx_word' id='word_1_184' title='bbox 743 3125 853 3200; x_wconf 85' lang='lat' dir='ltr'><strong>valva</strong></span> <span class='ocrx_word' id='word_1_185' title='bbox 874 3131 1034 3200; x_wconf 86' lang='lat' dir='ltr'><strong>externa</strong></span> <span class='ocrx_word' id='word_1_186' title='bbox 1053 3149 1130 3200; x_wconf 90' lang='lat' dir='ltr'><strong>uon</strong></span> <span class='ocrx_word' id='word_1_187' title='bbox 1152 3125 1567 3217; x_wconf 77' lang='lat' dir='ltr'><strong>denticulato-cibata,</strong></span> <span class='ocrx_word' id='word_1_188' title='bbox 1590 3149 1664 3200; x_wconf 89' lang='lat' dir='ltr'><strong>nec</strong></span> 
     </span>
     <span class='ocr_line' id='line_1_22' title="bbox 179 3223 1661 3325; baseline -0.002 -23"><span class='ocrx_word' id='word_1_189' title='bbox 179 3227 286 3302; x_wconf 87' lang='lat' dir='ltr'><strong>brevi</strong></span> <span class='ocrx_word' id='word_1_190' title='bbox 307 3226 421 3301; x_wconf 75' lang='lat' dir='ltr'><strong>aristd</strong></span> <span class='ocrx_word' id='word_1_191' title='bbox 443 3228 657 3300; x_wconf 87' lang='lat' dir='ltr'><strong>terminata.</strong></span> <span class='ocrx_word' id='word_1_192' title='bbox 689 3223 886 3306; x_wconf 80' lang='lat' dir='ltr'><strong>Quantdm</strong></span> <span class='ocrx_word' id='word_1_193' title='bbox 919 3225 1008 3299; x_wconf 84' lang='lat' dir='ltr'><strong>verb</strong></span> <span class='ocrx_word' id='word_1_194' title='bbox 1039 3223 1231 3302; x_wconf 86' lang='lat' dir='ltr'><strong>aTritico</strong></span> <span class='ocrx_word' id='word_1_195' title='bbox 1252 3225 1467 3315; x_wconf 78' lang='lat' dir='ltr'><strong>‚maritimo,</strong></span> <span class='ocrx_word' id='word_1_196' title='bbox 1499 3225 1661 3325; x_wconf 80' lang='lat' dir='ltr'><strong>repenti,</strong></span> 
     </span>
    </p>
   </div>
   <div class='ocr_carea' id='block_1_7' title="bbox 168 3321 1803 3440">
    <p class='ocr_par' dir='ltr' id='par_1_8' title="bbox 168 3321 1803 3440">
     <span class='ocr_line' id='line_1_23' title="bbox 168 3321 1803 3440; baseline 0.002 -42"><span class='ocrx_word' id='word_1_197' title='bbox 168 3326 322 3425; x_wconf 80' lang='lat' dir='ltr'><strong>forero,</strong></span> <span class='ocrx_word' id='word_1_198' title='bbox 354 3335 395 3401; x_wconf 92' lang='lat' dir='ltr'><strong>et</strong></span> <span class='ocrx_word' id='word_1_199' title='bbox 415 3322 499 3398; x_wconf 90' lang='lat' dir='ltr'><strong>aliis</strong></span> <span class='ocrx_word' id='word_1_200' title='bbox 519 3324 690 3422; x_wconf 88' lang='lat' dir='ltr'><strong>ejusdem</strong></span> <span class='ocrx_word' id='word_1_201' title='bbox 713 3321 863 3421; x_wconf 88' lang='lat' dir='ltr'><strong>generis</strong></span> <span class='ocrx_word' id='word_1_202' title='bbox 881 3325 1083 3424; x_wconf 84' lang='lat' dir='ltr'><strong>speciebus</strong></span> <span class='ocrx_word' id='word_1_203' title='bbox 1103 3324 1303 3440; x_wconf 87' lang='lat' dir='ltr'><strong>bucusque</strong></span> <span class='ocrx_word' id='word_1_204' title='bbox 1329 3325 1495 3426; x_wconf 81' lang='lat' dir='ltr'><strong>coguitis</strong></span> <span class='ocrx_word' id='word_1_205' title='bbox 1515 3324 1665 3402; x_wconf 82' lang='lat' dir='ltr'><strong>differat</strong></span> <span class='ocrx_word' id='word_1_206' title='bbox 1799 3349 1803 3354; x_wconf 89' lang='lat'>·</span> 
     </span>
    </p>
   </div>
   <div class='ocr_carea' id='block_1_8' title="bbox 185 3423 1003 3528">
    <p class='ocr_par' dir='ltr' id='par_1_9' title="bbox 185 3423 1003 3528">
     <span class='ocr_line' id='line_1_24' title="bbox 185 3423 1003 3528; baseline 0.005 -30"><span class='ocrx_word' id='word_1_207' title='bbox 185 3449 234 3504; x_wconf 87' lang='lat' dir='ltr'><strong>ex</strong></span> <span class='ocrx_word' id='word_1_208' title='bbox 254 3425 508 3526; x_wconf 85' lang='lat' dir='ltr'><strong>descriptione</strong></span> <span class='ocrx_word' id='word_1_209' title='bbox 529 3423 622 3504; x_wconf 82' lang='lat' dir='ltr'><strong>satis</strong></span> <span class='ocrx_word' id='word_1_210' title='bbox 641 3431 771 3524; x_wconf 75' lang='lat' dir='ltr'><strong>patet..</strong></span> <span class='ocrx_word' id='word_1_211' title='bbox 853 3519 858 3528; x_wconf 27' lang='grc' dir='ltr'>Ι</span> <span class='ocrx_word' id='word_1_212' title='bbox 905 3496 907 3504; x_wconf 82' lang='grc'>,</span> <span class='ocrx_word' id='word_1_213' title='bbox 960 3468 963 3478; x_wconf 91' lang='lat'>·</span> <span class='ocrx_word' id='word_1_214' title='bbox 997 3466 1003 3502; x_wconf 70' lang='grc' dir='ltr'>ι</span> 
     </span>
    </p>
   </div>
   <div class='ocr_carea' id='block_1_9' title="bbox 0 0 2472 7108">
    <p class='ocr_par' dir='ltr' id='par_1_10' title="bbox 0 0 2472 7108">
     <span class='ocr_line' id='line_1_25' title="bbox 0 0 2472 7108; baseline 0 0"><span class='ocrx_word' id='word_1_215' title='bbox 0 0 2472 7108; x_wconf 95' lang='lat' dir='ltr'><strong> </strong></span> 
     </span>
    </p>
   </div>
  </div>
 </body>
</html>
