6040 7190
1089 564 1104 620 J
1120 550 1396 622 unmrtnrm
1761 587 1763 598 ι
1896 525 1990 627 221

509 785 516 800 ·
550 739 636 853 cti,
650 737 835 814 introsum
855 737 1098 832 spectantem
1122 760 1217 814 unus
1242 738 1281 815 in
1297 735 1553 817 'dichotomiis
1570 755 1637 814 sen
1659 756 1778 838 prope
1800 737 1885 816 illas
1905 741 2034 821 solita·

511 899 517 911 .
551 864 640 914 rtuS.

498 1039 647 1114 Cunux
673 1062 775 1136 saepe
797 1033 1061 1135 sexpartitos,
1080 1037 1224 1114 laciniis
1244 1039 1388 1133 oratis,
1420 1037 1691 1132 acutiusculis;
1724 1037 1863 1116 lineam
1891 1040 1939 1114 ad
1962 1065 2046 1116 sesa

537 1137 925 1312 -q¹¹l¹{¹¹0³m,g⁰¹¹gl⁸s
948 1133 1156 1234 viridibus,
1176 1141 1365 1236 aucensis,
1387 1141 1546 1234 erectis,
1568 1151 1718 1216 maturo
1738 1141 1870 1215 fructu
1891 1139 2037 1237 laxulis,

548 1247 765 1336 persistenti
799 1265 852 1314 us.
1183 1270 1184 1274 ¹

495 1437 692 1512 Coactus
718 1463 819 1536 saepe
839 1438 1090 1540 hexapetala3
1120 1439 1256 1538 petalis
1275 1441 1405 1538 calyce
1438 1439 1552 1538 duplo
1574 1440 1831 1541 longioribus,
1865 1440 2034 1538 patenti·

548 1540 641 1628 bns,
673 1537 987 1636 sublanceolatis,
1011 1540 1305 1629 obtusiuseutis,
1337 1541 1536 1632 concavis,
1558 1539 1732 1634 luteolis,
1766 1541 1816 1616 ad
1842 1541 2031 1642 margines

548 1637 685 1712 albidis
710 1663 780 1712 seu
802 1663 850 1714 ex
872 1641 1194 1735 albido-luteolis,
1216 1639 1346 1716 carina
1368 1639 1650 1716 virescentibus.

494 1831 716 1914 Susrrrrrun
743 1836 936 1917 filamenta
956 1867 1056 1942 saepc
1078 1839 1305 1932 duodecim,
1326 1841 1571 1938 receptaculo
1595 1839 1758 1933 inserta,
1782 1864 1944 1938 quorum
1965 1864 2032 1915 sex

461 2009 462 2012 ,
547 1936 688 2029 calycis
710 1937 876 2033 laciniis,
896 1963 962 2016 sex
984 1943 1057 2016 alia
1079 1940 1216 2039 petalis
1238 1939 1432 2038 opposita,
1466 1947 1597 2014 erecta
1616 1940 1674 2013 vel
1697 1938 1832 2014 leviter
1852 1939 2036 2038 obliqua,

546 2037 746 2131 subulata,
776 2039 921 2114 inferne
942 2041 1077 2138 plana,
1107 2050 1147 2114 et
1173 2041 1276 2115 intus
1307 2039 1357 2112 ibi
1383 2038 1731 2137 subpubescentia,
1764 2040 1927 2137 superne
1952 2040 2034 2138 gla-

400 2214 402 2218 ,
547 2137 639 2228 bra,
661 2139 789 2212 omnia
810 2141 960 2216 corollae
981 2139 1229 2238 longitndine.
1255 2138 1442 2215 untherae
1464 2141 1578 2213 luteas
1591 2197 1602 2234 ,
1635 2148 1798 2233 erectas,
1831 2139 2009 2239 oblongae
2022 2197 2034 2232 ,

548 2236 734 2330 lineares,
757 2236 978 2334 bisulcatae,
1002 2239 1235 2314 biloculares.

497 2429 606 2511 Prsr.
633 2434 804 2534 germina
826 2460 927 2536 saepe
953 2462 1042 2532 sex,
1074 2437 1261 2535 oblonga,
1293 2437 1495 2536 angulosa,
1527 2445 1663 2528 acuta,
1693 2435 1732 2511 in
1756 2437 1872 2536 stylos
1901 2435 2038 2510 breves

544 2537 748 2618 ,subulatos
778 2535 1012 2625 desinentia3
1047 2535 1086 2611 in
1108 2537 1256 2612 antbesi
1277 2537 1438 2636 prirnbm
1469 2536 1507 2610 in
1530 2537 1765 2635 pyramidem
1798 2537 2036 2635 hexagonam

550 2637 780 2732 conjuncta,
818 2635 957 2711 deinde
987 2635 1124 2712 sensim
1156 2637 1323 2727 laxiora,
1354 2637 1512 2737 demum
1545 2647 1696 2710 matura
1725 2638 1885 2734 superne
1917 2637 2037 2712 stellas

547 2735 704 2810 formam
728 2736 941 2815 referentia.
962 2736 1153 2836 Stigmata
1172 2734 1380 2835 simplicia,
1404 2735 1631 2812 acutissima.

498 2939 567 3012 An
587 2933 726 3032 singuli
748 2935 928 3034 germinis
955 2935 1063 3011 basin
1085 2935 1285 3033 squamula
1316 2935 1543 3010 nectarilera
1573 2934 1831 3032 marginata,
1862 2942 2037 3031 recepta·

552 3035 824 3210 cnlpilnserta,
856 3036 954 3111 adeo
978 3034 1154 3128 minima,
1189 3046 1233 3112 ut
1253 3035 1315 3112 vix
1347 3060 1392 3110 ac
1415 3060 1462 3111 ne
1484 3033 1547 3109 vix
1568 3033 1759 3110 interdum
1787 3033 1892 3111 lente
1914 3036 2038 3111 vitrea

552 3158 621 3210 v1s1
652 3159 718 3210 ris.

358 3391 362 3394 -
500 3333 698 3410 Cursunm
729 3344 787 3411 tot
808 3344 903 3434 quot
922 3336 1113 3436 germino,
1136 3335 1450 3434 erectopatulae,
1477 3343 1628 3425 acutae,
1660 3332 1827 3409 breviter
1846 3334 2038 3424 aristatas,

553 3434 828 3528 uniloculares,
862 3434 1188 3536 longitudinaliter
1208 3446 1342 3510 sutura
1366 3435 1569 3509 introrsum
1601 3433 1851 3510 dehiscentes.
1884 3433 2038 3510 Semina

550 3534 711 3634 plurima
733 3536 922 3636 oblonga,
942 3536 1099 3631 striata,
1119 3534 1384 3627 scobisormia,
1407 3545 1548 3610 suturae
1570 3532 1690 3611 affixa.

2116 3654 2131 3691 l

500 3721 698 3798 Ηεειτετ
724 3720 762 3796 in
784 3721 864 3796 solo
889 3747 994 3811 raro,
1019 3746 1169 3814 macro,
1191 3721 1392 3808 sabuloso,
1415 3719 1604 3795 interdum
1629 3719 1677 3794 ad
1699 3741 1859 3821 aggeres
1887 3717 1925 3794 in
1948 3718 2038 3794 Bei-

552 3847 600 3896 ra
623 3819 857 3896 meridionali
888 3847 933 3896 ac
958 3822 1257 3910 Extremadura‚
1291 3819 1454 3895 maxime
1487 3819 1590 3897 circa
1609 3818 1843 3919 Olisiponem
1876 3829 1917 3893 et
1938 3821 2038 3894 ultra

553 3921 703 4021 Tagum
727 3920 766 3996 in
786 3946 853 3996 ora
874 3921 1064 3996 maritima
1084 3921 1133 3998 de
1157 3920 1352 4024 Caparicn.
1376 3911 1507 3996 Floret
1527 3918 1652 4017 Julio,
1676 3925 1866 4020 Augusto.
1896 3919 2037 3996 Pereu-

553 4044 602 4093 ne
624 4031 665 4095 et
687 4020 792 4119 qnasi
815 4020 1009 4096 suffrutex.

502 4219 638 4294 Siros
666 4192 784 4295 totius
816 4220 954 4319 plantae
983 4221 1317 4320 subadstringens3
1349 4219 1444 4295 odor
1464 4199 1597 4294 nullus.
1633 4219 1695 4293 Ab
1717 4217 1906 4318 empiricis
1926 4217 2039 4294 Olisi-

554 4342 653 4416 pone
675 4321 881 4412 usitatum,
913 4321 1139 4396 illi'easdem
1164 4322 1261 4395 vires
1281 4317 1554 4409 tribuentibus,
1585 4342 1671 4416 qnae
1693 4318 1795 4393 Sedo
1815 4319 1967 4420 telepbio
1997 4326 2039 4392 et

554 4419 798 4519 Semperviuo
818 4419 970 4496 arborco
990 4433 1230 4524 tectorumque
1251 4445 1275 4494 a
1293 4418 1425 4518 peritis
1445 4416 1602 4494 medicis
1621 4417 1844 4518 assignatur.
1914 4495 1915 4498 ,

504 4618 601 4693 Oas.
633 4619 677 4693 l.⁰
701 4618 744 4692 In
759 4619 1007 4718 quibusdam,
1028 4618 1101 4693 etsi
1121 4617 1266 4718 paucis,
1286 4613 1445 4694 floribus
1465 4617 1632 4716 ejusdem
1654 4641 1774 4714 cymae
1794 4615 1914 4691 variat
1936 4618 2038 4716 caly-

557 4719 610 4792 cis
631 4717 778 4793 laciniis
809 4718 978 4817 quinque
1010 4743 1097 4792 cum
1130 4717 1291 4793 totidem
1324 4716 1459 4816 petalis
1490 4725 1530 4788 et
1556 4716 1811 4816 germinibus,
1844 4716 2039 4816 duploque

556 4817 757 4892 staminum
780 4841 946 4894 numero.
970 4817 1013 4891 ln
1036 4817 1125 4891 locis
1146 4816 1330 4910 humidis,
1351 4827 1418 4892 aut
1439 4821 1476 4890 in
1498 4815 1615 4890 bortis
1636 4817 1766 4907 culta,
1790 4825 1831 4891 et
1852 4815 1906 4891 ibi
1927 4817 2039 4890 nimis

556 4917 714 5016 irrigata
735 4919 856 4993 variat
875 4917 1064 4992 interdum
1086 4916 1222 4991 babitu
1244 4917 1396 5006 maiori,
1428 4939 1540 5010 cyma
1560 4939 1657 5013 vage
1678 4941 1824 4991 raurosa
1845 4919 1951 5016 qnasi
1971 4940 2039 5015 pa·

557 5017 751 5110 niculata,
779 5029 819 5094 et
838 5017 991 5092 floribus
1012 5016 1091 5090 fere
1113 5017 1287 5100 omnibus
1309 5014 1508 5092 decandris
1527 5019 1766 5115 pentagynis.

508 5214 605 5291 Oss.
633 5217 680 5290 2.⁰
704 5216 828 5292 Affine
850 5215 951 5292 Sedo
972 5213 1199 5316 Hispanico,
1220 5213 1289 5290 sed
1310 5213 1497 5290 diversum
1521 5240 1632 5314 cyma
1656 5224 1695 5289 et
1715 5214 1851 5291 babitu
1872 5237 1947 5288 non
1970 5237 2041 5310 pn·

561 5316 754 5409 bescenti,
775 5317 873 5392 loliis
893 5315 1046 5410 penitus
1066 5314 1270 5406 viridibus,
1302 5339 1374 5402 nec
1395 5314 1547 5413 punctis
1567 5316 1763 5413 purpureis
1784 5316 1909 5413 picta,
1939 5314 2039 5388 flori·

558 5417 631 5490 bus
652 5442 727 5491 non
746 5417 957 5508 sessilibus,
979 5427 1019 5489 et
1033 5415 1173 5489 corolla
1194 5439 1268 5489 non
1291 5416 1442 5489 omnino
1462 5415 1561 5489 albe.
1585 5415 1620 5487 A
1641 5415 1743 5489 Sedo
1763 5413 1923 5517 rupestri
1933 5473 1942 5503 ‚
1966 5425 2039 5489 etsl

559 5537 628 5612 pro
650 5517 765 5614 ipsius
785 5518 971 5591 varietate.
1004 5541 1025 5589 a
1047 5514 1235 5589 nonnullis
1256 5515 1466 5606 habeatnr,
1498 5519 1582 5610 plus
1607 5513 1731 5589 adbuc
1762 5518 1872 5613 longe
1892 5513 2038 5608 differt,

560 5616 743 5791 ultiacip}
757 5641 805 5692 ex
825 5615 1080 5716 descriptione
1101 5615 1191 5690 data
1211 5627 1331 5712 patet.
1354 5613 1456 5690 Sedo
1478 5613 1653 5690 altissimo
1674 5611 1735 5690 La
1750 5613 1893 5690 Markii
1913 5611 2039 5714 (Dict.

596 5741 667 5789 om.
738 5773 746 5792 .
1441 5738 1527 5789 suu
